2642 3917
490 199 698 251 οευεευιεε
716 200 762 253 rv.
1085 193 1128 260 69

122 348 307 426 μνηστῆρες
328 340 525 426 φράζονται,
548 339 567 406 δ
590 341 634 426 με)
656 338 798 406 τελέσειε
820 341 986 425 Κρονίων.

127 443 319 530 Τηλέμαχον
340 446 484 531 μεμάασι
506 447 711 532 κατακτάμεν
732 444 801 526 ὀξέι
822 451 932 535 χαλκφ

123 552 236 616 οίκαδε
257 554 471 636 νισσόμενον·
504 549 577 618 ὁδ’
603 555 662 637 έβη
685 554 766 638 μετὰ
788 555 911 639 πατρὸς
932 551 1059 635 ἀκουὴν
1132 605 1134 609 .

122 656 155 733 ἐς
179 657 297 722 Πύλον
319 657 471 742 ἠγαθέην
493 655 548 741 ηδ’
574 656 608 736 ές
629 660 863 742 Λακεδαίμονα
886 659 994 725 δίανέ·

166 757 211 839 ὧς
228 763 331 848 φάτο,
349 771 407 846 τῆς
426 760 457 829 δ’
479 763 583 830 αὐτοῦ
597 765 678 830 λύτο
691 766 838 847 γούνατα
850 760 906 829 καί
920 767 1022 847 φίλον
1033 758 1130 849 ἦτορ,

122 868 186 952 δὴν
209 868 249 934 δέ
269 893 327 953 μιν
349 869 498 954 ἀμφασίη
522 868 627 935 ἐπέων
649 871 743 955 λάβε·
774 870 820 935 τδι
843 867 883 935 δέ
903 869 939 935 οί
957 870 1036 936 ὄσσε

121 975 290 1060 δακρυόφι
313 979 480 1058 πλῆσθεν,
502 976 630 1061 θαλερὴ
655 973 696 1041 δέ
715 975 752 1042 οί
771 977 883 1060 ἔσχετο
906 978 1011 1059 φωνή.
1080 991 1130 1041 τοο

121 1077 183 1158 ὀψέ
206 1077 244 1146 δέ
267 1082 309 1164 δή
332 1093 390 1165 μιν
412 1083 547 1146 ἔπεσσιν
569 1079 768 1166 ἀμειβομένη
790 1079 998 1167 προσέειπεν·

121 1185 262 1273 ,,κηρυξ,
290 1188 381 1252 τίπτε
405 1185 445 1252 δέ
464 1210 522 1272 μοι
543 1188 621 1264 πάις
643 1193 783 1272 οίχεταις
809 1186 892 1253 οὐδέ
912 1191 947 1252 τί
965 1211 1023 1270 μιν
1045 1187 1130 1273 χρεὼ

120 1303 214 1376 νηῶν
237 1293 421 1376 ὠκυπόρων
444 1292 668 1378 ἐπιβαινέμεν,
691 1294 730 1358 αἴ
747 1291 784 1358 θ’
810 1293 890 1371 ἀλὸς
911 1293 1007 1359 ἵπποι

119 1396 262 1484 ἀνδράσι
284 1401 472 1482 γίγνονται,
494 1401 638 1484 περόωσι
662 1395 699 1464 δέ
720 1402 851 1465 πουλὺν
873 1397 926 1484 ἐφ’
950 1398 1067 1485 ὑγρήν.

83 1489 85 1493 ’
119 1497 140 1586 ᾗ
164 1503 220 1569 ἵνα
242 1501 320 1588 μηδ’
347 1501 441 1587 ὄνομ’
468 1503 572 1570 αὐτοῦ
595 1503 632 1570 έν
654 1503 865 1591 ἀνθρώποισι
887 1506 1057 1588 λίπηται;“
1078 1523 1129 1572 ⁷10

163 1610 225 1692 τὴν
248 1607 279 1675 δ’
305 1606 449 1694 ἠμείβετ’
475 1612 586 1676 ἔπειτα
608 1609 735 1675 Μέδων
757 1608 948 1694 πεπνυμένα
971 1612 1080 1689 εἰδώς·

119 1714 205 1797 ,,ούκ
227 1710 307 1798 οἶδ’,
329 1714 351 1798 ἢ
373 1717 423 1793 τίς
445 1739 503 1799 μιν
524 1718 606 1793 θεὸς
628 1716 770 1801 ὤρορεν,
792 1711 831 1800 ἦε
853 1714 909 1783 καί
931 1717 1035 1782 αὐτοῦ

118 1821 228 1905 θυμὸς
250 1819 435 1905 ἐφωρμήθη
459 1826 533 1905 ίμεν
556 1819 590 1898 ές
613 1821 745 1904 Πύλον,
769 1823 858 1907 ὄφρα
879 1823 1028 1906 πύθηται

118 1928 241 2010 πατρὸς
264 1924 322 1993 έοῦ
344 1925 364 2010 ἢ
386 1929 509 1992 νόστον
531 1925 551 2010 ἢ
576 1926 615 1992 ὅν
637 1949 713 1991 τινα
734 1929 862 2011 πότμον
884 1926 1056 1993 ἐπέσπεν.“

164 2026 209 2108 ὥς
232 2033 296 2119 ἀρα
319 2035 478 2118 φωνήσας
500 2030 604 2116 ἀπέβη
627 2032 710 2097 κατὰ
733 2031 815 2117 δῶμ’
838 2031 1004 2117 Ὀδυσῆος.
1077 2053 1128 2101 '116

118 2137 180 2220 τὴν
203 2135 234 2203 δ’
256 2139 335 2222 ἄχος
353 2137 530 2222 ἀμφεχύθη
549 2140 792 2222 θυμοφθόρον,
816 2136 890 2203 οὐδ’
911 2137 964 2223 ἀρ’
986 2137 1030 2204 ἐτ’
1052 2141 1127 2224 ἔτλη

118 2244 229 2331 δίφρφ
252 2242 427 2328 ἐφέζεσθαι
449 2247 582 2309 πολλῶν
604 2245 687 2308 κατὰ
710 2239 803 2308 οἷκον
826 2242 964 2326 ἐόντων,

118 2345 191 2413 ἀλλ’
216 2344 269 2434 ἀρ’
296 2346 345 2414 ἐπ’
372 2349 477 2429 οὐδοῦ
501 2341 546 2428 ἷζε
568 2352 781 2433 πολυκμήτου
802 2350 968 2434 θαλάμοιο

118 2451 222 2540 οἴκτρ’
248 2452 492 2539 ὀλοφυρομένη.
536 2451 612 2540 περὶ
635 2451 673 2519 δέ
696 2452 804 2538 δμωαὶ
826 2455 1000 2539 μινύριζον

117 2569 235 2643 πᾶσαι,
259 2559 335 2625 ὅσαι
355 2560 438 2625 κατὰ
460 2557 583 2645 δώματ’
609 2562 705 2643 ἐσαν,
727 2559 800 2626 νέαι
822 2557 883 2645 ἠδέ
905 2563 1050 2627 παλαιαί.
1075 2577 1126 2629 ⁷20

116 2673 176 2750 τῇς
198 2662 229 2730 δ’
255 2664 373 2731 άδινδν
394 2668 527 2749 γοόωσα
549 2667 696 2751 μετηύδα
719 2669 941 2750 Πηνελόπεια·

162 2775 296 2854 ,κλῦτε,
320 2775 429 2856 φίλαι·
451 2771 527 2858 πέρι
544 2773 609 2858 γάρ
627 2795 684 2856 μοι
700 2770 875 2857 Ὀλύμπιος
893 2771 982 2855 ἄλγε’
1005 2774 1127 2839 ἔδωκεν

117 2876 153 2941 ἐκ
175 2875 323 2959 πασέων,
348 2876 445 2942 ὅσσαι
467 2901 525 2963 μοι
547 2877 631 2962 δμοῦ
654 2879 782 2962 τράφεν
803 2875 863 2961 ἠδέ
885 2876 1038 2962 γένοντο·

116 2981 137 3064 ἣ
159 2979 240 3065 πρὶν
262 2977 323 3066 μέν
345 2984 445 3048 πόσιν
468 2981 593 3049 έσθλδν
615 2983 769 3056 ἀπώλεσα
790 2982 1017 3068 θυμολέοντα,

115 3090 274 3172 παντοίης
297 3086 432 3173 ἀρετῇσι
453 3086 656 3173 κεκασμένον
679 3087 717 3154 ἐν
738 3093 926 3155 Δαναοῖσιν
1074 3107 1125 3157 τεο

118 3190 269 3275 [έσθλόν,
283 3202 344 3259 τοῦ
357 3192 452 3270 κλέος
465 3193 547 3278 εὐρὺ
560 3191 638 3259 καθ’
651 3191 794 3260 Ἑλλάδα
802 3193 858 3261 καὶ
869 3195 971 3280 μέσον
976 3195 1125 3282 ἈργοςΓ

115 3306 179 3363 νῦν
201 3293 245 3364 αὖ
266 3296 358 3364 παῖδ’
384 3298 553 3382 ἀγαπητὸν
575 3299 798 3385 ἀνηρείψαντο
820 3302 961 3367 θύελλαι

115 3401 215 3468 ἀκλέα
237 3402 274 3469 ἐκ
295 3405 463 3489 μεγάρων,
487 3403 561 3470 οὐδ’
588 3404 794 3491 ὁρμηθέντος
816 3407 951 3472 ἀκουσα.

114 3506 275 3594 σχέτλιαι,
298 3507 372 3575 οὐδ’
398 3508 492 3595 ὑμεῖς
513 3530 575 3596 περ
598 3508 649 3577 ἐνὶ
671 3509 771 3596 φρεσὶ
791 3510 897 3577 θέσθε
921 3510 1039 3596 ἑκάστη
