2642 3917
155 130 217 194 116
529 132 737 183 οΔΤΣΣειΑε
756 130 790 186 θ.

152 274 354 357 Δημοδόκου
378 271 410 339 θ’
436 273 488 339 έλε
511 285 604 359 χεῖρα
626 272 682 338 καὶ
704 274 820 356 έξαγεν
842 272 879 340 ἐκ
900 276 1058 359 μεγάροιο

152 379 268 465 κήρυξ·
291 374 370 465 ήρχε
394 375 431 444 δέ
453 387 499 468 τῷ
523 379 628 463 αὐτήν
651 378 749 462 ὐύόν,
772 379 815 462 ήν
837 401 897 465 περ
922 380 958 445 οί
977 382 1071 446 ἄλλοι

156 487 313 568 Φαιήκων
336 485 372 549 οί
391 485 535 570 ἄριστοι,
559 483 678 550 ἀέθλια
700 483 955 569 θαυμανέοντες.

152 591 218 673 βὰν
241 587 271 655 δ’
298 597 372 674 ίμεν
390 592 437 667 είς
455 589 598 675 ἀγορήν,
621 590 688 674 ἅμα
706 583 738 653 θ’
759 589 874 656 ἕσπετο
893 594 1019 668 πουλὺς
1037 591 1165 676 ὅμιλος,

153 699 280 781 μυρίοι·
304 694 346 761 ὐν
369 690 400 761 δ’
426 696 559 760 ἵσταντο
582 693 653 761 νέοι
675 698 797 761 πολλοί
815 718 851 761 τε
872 695 928 763 καλ
947 695 1072 762 ἐσθλοί.
1115 715 1166 763 110

153 796 240 886 ώρτο
264 798 326 886 μέν
344 798 524 886 Ἀκρόνεώς
545 823 581 867 τε
602 799 658 866 καὶ
679 795 837 878 Ὠκύαλος
858 800 914 867 καλ
934 800 1120 888 Ἐλατρεύς,

156 908 308 984 Ναυτεύς
329 930 364 973 τε
386 906 565 992 Πρυμνεύς
581 929 617 972 τε
635 905 690 971 καὶ
706 901 875 992 Ἀγχίαλος
891 905 947 973 καὶ
962 905 1147 993 Ἐρετμεύς,

156 1013 305 1089 Ποντεύς
327 1034 362 1078 τε
386 1011 547 1097 Πρωρεύς
569 1035 619 1095 τε,
645 1014 744 1077 Θόων
763 1009 1002 1096 Ἀναβησίνεώς
1023 1037 1059 1081 τε

152 1115 331 1202 Ἀμφίαλός
353 1115 389 1182 θ’
415 1118 488 1194 υίὸς
512 1121 693 1200 Πολυνήου
720 1120 933 1184 Τεκτονίδαο·

154 1221 196 1288 ἀν
219 1219 256 1288 δὲ
280 1221 335 1289 καὶ
357 1223 532 1309 Εὐρύαλος
559 1225 763 1311 βροτολοιγῷ
788 1219 859 1302 ἶσος
873 1223 969 1310 Ἀρηι
1115 1243 1165 1292 115

155 1328 383 1412 Ναυβολίδης,
406 1327 443 1405 ὃς
465 1329 599 1415 ἄριστος
621 1329 680 1412 ἐην
703 1325 792 1406 εἶδός
813 1352 848 1394 τε
872 1328 971 1414 δέμας
992 1354 1028 1398 τε

154 1434 288 1499 πόντων
314 1436 470 1517 Φαιήκων
492 1433 561 1520 μετ’
588 1434 742 1519 ἀμύμονα
763 1437 996 1520 Λαοδάμαντα.

155 1538 197 1604 ἀν
221 1533 252 1604 θ’
277 1541 376 1605 έσταν
397 1551 485 1625 τρεῖς
507 1543 621 1618 παῖδες
644 1541 814 1626 ἀμύμονος
833 1537 1028 1626 Ἀλκινόοιο,

155 1647 335 1730 Ααούύμας
356 1643 392 1710 θ’
411 1644 521 1724 Ἀλιός
543 1671 577 1713 τε
599 1645 655 1713 καὶ
679 1647 832 1724 ἀντίθεος
855 1651 1053 1733 Κλυτόνηος.

156 1751 192 1816 οί
212 1748 242 1816 δ’
268 1745 289 1834 ή
312 1775 365 1817 τοι
386 1763 519 1837 πρῶτον
541 1749 602 1837 μὲν
625 1752 840 1839 ἐπειρήσαντο
862 1755 1031 1821 πόύεσσιν.
1114 1774 1165 1822 120

155 1868 242 1922 τοῖσι
265 1854 296 1922 δ’
322 1856 386 1922 ἀπὸ
408 1858 534 1941 νύσσης
556 1855 670 1924 τέτατο
694 1860 829 1945 δρόμος·
852 1859 889 1924 οί
908 1857 940 1924 δ’
962 1860 1028 1945 ἅμα
1045 1862 1166 1940 πάντες

108 2029 110 2036 ,
156 1966 366 2049 καρπαλίμως
389 1961 541 2028 ἐπέτοντο
564 1967 732 2042 κονίοντες
754 1966 896 2031 πεύίοιο·

155 2081 223 2135 τῶν
247 2066 282 2134 ὐέ
304 2067 397 2134 θέειν
420 2066 469 2153 ὄχ’
495 2069 628 2154 ἀριστος
650 2072 710 2153 έην
731 2073 923 2154 Κλυτόνηος
946 2071 1098 2157 ἀμύμων·

156 2175 259 2242 ὅσσον
281 2169 309 2240 τ’
336 2175 372 2240 έν
394 2183 472 2263 νειῷ
497 2170 600 2260 οὐρον
622 2173 714 2241 πέλει
735 2175 916 2260 ήμιόνοιιν,

155 2283 277 2347 τόσσον
300 2279 538 2366 ὑπεκπροθέων
560 2284 662 2357 λαούς
684 2280 785 2365 ἵκεθ’,
808 2283 844 2348 οί
863 2279 901 2348 δέ
923 2286 1067 2350 λίποντο.
1114 2301 1164 2350 125

157 2388 193 2453 οί
213 2383 249 2453 ὐέ
272 2387 519 2471 παλαιμοσύνης
542 2386 712 2470 ἀλεγεινῆς
733 2390 945 2474 πειρήσαντο·

156 2501 196 2578 τή
220 2487 251 2557 θ’
277 2487 348 2557 αὖτ’
374 2492 549 2576 Εὐρύαλος
571 2491 770 2558 ἀπεκαίνυτο
792 2494 917 2570 πάντας
940 2493 1102 2580 ἀρίστους.

157 2599 275 2683 ἅλματι
298 2592 329 2662 δ’
352 2592 530 2683 Ἀμφίαλος
553 2597 687 2664 πάντων
709 2596 973 2685 προφερέστατος
994 2595 1067 2684 ήεν·

159 2705 260 2792 ὐίσκφ
285 2698 315 2768 δ’
342 2698 384 2768 αὐ
406 2704 540 2768 πόντων
562 2706 649 2769 πολὺ
672 2703 833 2789 φέρτατος
854 2699 914 2788 ήεν
933 2699 1120 2793 Ἐλατρεύς,

157 2808 221 2889 πύξ
245 2804 275 2875 δ’
302 2803 344 2874 αὖ
366 2809 562 2893 Λαοόύμας,
586 2807 712 2891 ἀγαθὸς
735 2809 812 2886 πώις
832 2804 1022 2875 Ἀλκινόοιο.
1113 2828 1164 2877 130

202 2916 306 3003 αὐτὰρ
326 2913 399 2980 ἐπεὶ
421 2915 462 2998 δή
486 2915 605 2991 πάντες
627 2912 839 3000 ἐτέρφθησαν
860 2909 957 3001 φρέν’
983 2913 1132 2998 ἀέθλοις,

157 3033 227 3099 τοῖς
250 3023 313 3109 ἀρα
335 3021 515 3104 Λαοόύμας
537 3018 659 3104 μετέφη
686 3021 763 3098 πάις
782 3015 977 3087 Ἀλκινόοιο·

159 3130 290 3212 ,,ὐεύτε,
313 3129 421 3212 φίλοι,
444 3127 504 3191 τὸν
527 3126 635 3205 ξεῖνον
658 3125 825 3211 ἐρώμεθα,
848 3133 882 3192 εί
899 3121 963 3193 τιν’
988 3129 1113 3193 ἄεθλον

159 3229 232 3300 οἶδέ
251 3257 285 3299 τε
308 3231 363 3298 καὶ
387 3233 532 3316 ὐεύύηκε.
579 3233 670 3316 φυήν
692 3256 729 3315 γε
752 3229 813 3316 μὲν
836 3232 877 3298 οὐ
899 3235 998 3310 κακός
1020 3232 1125 3316 ἐστιν,

158 3340 284 3426 μηρούς
305 3362 340 3405 τε
363 3341 488 3423 κνήμας
510 3361 544 3404 τε
567 3337 622 3404 καὶ
645 3339 743 3423 ἄμφω
765 3349 877 3424 χεῖρας
898 3338 1045 3425 ὕπερθεν
1114 3355 1164 3403 135

158 3442 281 3528 αὐχένα
302 3466 337 3511 τε
361 3445 518 3530 στιβαρὸν
540 3442 623 3528 μέγα
644 3466 680 3508 τε
703 3441 838 3521 σθένος·
861 3442 943 3510 οὐδέ
961 3467 994 3509 τι
1015 3445 1098 3529 ήβης
