2642 3917
182 212 203 275 2
572 211 779 263 ΟΔΤΣΣΕΙΔΣ
804 211 834 261 Δ.

181 359 284 440 νόσφι
308 355 554 431 Ποσειδάωνος·
578 352 596 418 ὁ
620 351 651 418 δ’
679 350 837 437 ἀσπερχὲς
858 351 1030 436 μενέαινεν
1157 370 1191 419 20

181 459 325 549 ἀντιθέῳ
346 458 479 544 Ὀδυσήι
501 460 605 543 πάρος
626 458 670 543 ἣν
692 470 793 542 γαῖαν
815 456 954 551 ίκέσθαι.

227 564 300 633 ἀλλ’
328 566 345 632 ὁ
369 563 430 651 μὲν
453 568 621 641 Αἰθίοπας
644 568 818 650 μετεκίαθε
839 562 956 648 τηλόθ’
983 564 1111 648 ἐόντας,

181 675 352 750 Αἰθίοπας
373 670 425 738 τοί
449 672 551 756 διχθά
574 674 760 756 δεδαίαται,
783 674 914 755 ἔσχατοι
937 670 1085 755 ἀνδρῶν,

182 779 218 845 οί
237 775 298 862 μὲν
321 780 509 861 δυσομένου
527 775 716 860 Ὑπερίονος
739 778 775 844 ολ
795 775 826 842 δ’
852 776 1019 859 ἀνιόντος,

183 884 325 950 ἀντιόων
346 886 479 969 ταύρων
500 908 534 951 τε
559 882 614 949 καὶ
637 884 780 970 ἀρνειῶν
802 882 990 968 ἑκατόμβης.
1157 902 1191 949 κο

183 988 256 1056 ἔνθ’
283 987 355 1073 ὅγ’
381 989 531 1075 ἐτέρπετο
556 989 644 1056 δαιτὶ
666 992 867 1075 παρήμενος·
890 989 926 1055 οί
946 987 982 1055 δὲ
1006 990 1047 1073 δή
1071 991 1165 1055 άλλοι

184 1097 292 1181 Ζηνὸς
314 1094 364 1162 ένί
387 1097 581 1181 μεγάροισιν
601 1094 781 1181 Ὀλυμπίου
795 1094 925 1181 ,ἀθρόοι
947 1090 1041 1178 ήσαν.

182 1214 269 1268 τοῖσι
293 1198 329 1267 δὲ
352 1203 472 1286 μύθων
494 1198 573 1287 ήρχε
594 1204 702 1287 πατήρ
726 1203 859 1287 ἀνδρῶν
881 1225 915 1267 τε
938 1206 1030 1267 θεῶν
1051 1222 1101 1268 τε·

183 1312 331 1394 μνήσατο
354 1308 417 1393 γάρ
440 1310 522 1375 κατὰ
544 1311 657 1394 θυμὸν
681 1310 851 1395 ἀμύμονος
873 1309 1073 1391 Αἰγίσθοιο,

182 1418 242 1481 τόν
265 1413 296 1500 ῥ’
315 1412 597 1499 ’Ἀγαμεμνονίδης
619 1417 816 1499 τηλεκλυτὸς
834 1411 942 1480 ἔκταν’
964 1412 1128 1500 Ὀρέστης·
1158 1433 1191 1481 30

185 1531 243 1587 τοῦ
266 1521 284 1585 ὅ
307 1519 338 1604 γ’
365 1519 579 1604 ἐπιμνησθεὶς
602 1518 669 1587 ἔπε’
696 1521 895 1587 ἀθανάτοισι
917 1522 1076 1606 μετηύδα·

183 1628 232 1711 ,ὢ
254 1630 372 1709 πόποι,
396 1618 470 1692 οἷον
494 1629 535 1710 δή
557 1651 601 1693 νυ
623 1630 727 1705 θεοὺς
749 1627 865 1713 βροτοὶ
888 1629 1090 1693 αἰτιόωνται·

183 1732 216 1813 έξ
238 1731 349 1817 ἡμέων
371 1733 435 1818 γάρ
458 1749 541 1816 φασι
563 1731 636 1798 κάκ’
663 1736 814 1817 ἔμμεναι,
838 1734 873 1799 οί
894 1729 930 1798 δὲ
953 1731 1009 1798 καὶ
1031 1732 1127 1797 αὐτοὶ

183 1848 308 1923 σφῇσιν
331 1838 572 1923 ἀτασθαλίῃσιν
596 1835 679 1923 ὑπὲρ
703 1841 809 1923 μόρον
832 1837 922 1921 ἄλγε’
950 1842 1098 1922 ἔχουσιν,

184 1946 227 2023 ὡς
249 1942 304 2010 καὶ
326 1953 390 2009 νῦν
413 1950 578 2027 Αίγισθος
601 1940 684 2029 υπέρ
707 1947 812 2029 μόρον
833 1942 1001 2028 Ἀτρεΐδαο
1158 1961 1191 2010 3ο

183 2048 258 2134 γῆμ’
285 2052 407 2134 ἄλοχον
430 2053 593 2135 μνηστήν,
616 2052 676 2116 τὸν
699 2049 731 2115 δ’
757 2053 870 2116 ἔκτανε
892 2051 1115 2132 νοστήσαντα,

183 2157 279 2234 είδως
302 2158 403 2225 αἰπὺν
426 2159 586 2241 ὄλεθρον,
610 2154 680 2221 έπεὶ
702 2158 767 2239 πρό
791 2157 826 2222 οί
846 2162 981 2238 είπομεν
1004 2153 1112 2238 ἡμεῖς,

178 2260 331 2347 Ἑρμείαν
353 2262 538 2348 πέμψαντες
563 2262 728 2328 ἐύσκοπον
752 2261 988 2346 ἀργεϊφόντην,

183 2366 256 2453 μήτ’
283 2367 385 2433 αὐτὸν
407 2371 554 2433 κτείνειν,
571 2369 650 2452 μήτε
673 2368 843 2451 μνάασθαι
866 2368 1007 2431 άιιοιτιν·

183 2473 218 2540 έκ
240 2475 303 2559 γδιρ
325 2471 477 2559 Ὀρέσταο
500 2476 584 2549 τίσις
607 2476 737 2538 ἔσσεται
757 2470 941 2557 Ἀτρείδαο,
1159 2490 1194 2539 40

183 2578 298 2646 ὁππότ’
325 2578 367 2643 ἀν
389 2578 497 2663 ἡβήσῃ
520 2601 555 2643 τε
578 2575 632 2643 καὶ
654 2573 695 2661 ής
718 2579 875 2662 ίμείρεται
899 2585 980 2662 αίης.

183 2680 227 2762 ὧς
250 2683 351 2770 ἔφαθ’
374 2684 539 2770 Ἑρμείας,
562 2681 634 2749 ἀλλ’
660 2683 702 2750 οὐ
725 2682 851 2769 φρένας
873 2687 1054 2767 Αἰγίσθοιο

182 2789 272 2855 πάθ’
299 2791 410 2875 ἀγαθὰ
433 2789 600 2874 φρονέων·
622 2798 687 2854 νῦν
711 2787 741 2854 δ’
764 2789 873 2874 ἁθρόα
892 2788 986 2855 πάντ’
1009 2788 1200 2856 ἀπέτισεν.“’

226 2897 286 2962 τὸν
309 2895 341 2962 δ’
368 2894 511 2982 ήμεήλετ’
538 2897 647 2960 έπειτα
670 2896 750 2976 θεά,
773 2899 963 2977 γλαυκῶπις
982 2893 1121 2980 Ἀθήνη·

182 2998 232 3085 „ab
255 3003 356 3087 πάτερ
379 3000 514 3086 ἡμέτερε
538 3001 706 3084 Κρονίδη,
730 2999 832 3067 ὕπατε
854 3002 1049 3084 κρειόντων,
1159 3017 1193 3066 45

182 3105 238 3172 καὶ
261 3110 337 3190 λίην
359 3111 468 3184 κεῖνός
490 3130 528 3189 γε
551 3105 673 3171 έοικότι
695 3116 800 3172 κεῖται
822 3105 968 3194 ὀλέθρῳ,

183 3212 228 3289 ὡς
251 3212 407 3283 ἀπόλοιτο
430 3211 486 3279 καὶ
508 3213 621 3294 ἀλλος,
645 3212 714 3288 ὅτις
735 3212 873 3277 τοιαῦτά
895 3235 933 3294 γε
956 3210 1057 3297 ῥέζοι·

184 3318 267 3383 ἀλλά
290 3342 346 3401 μοι
369 3316 452 3402 ἀμφ’
475 3315 610 3400 Ὀδυσήι
634 3318 793 3402 δαΐφρονι
817 3318 942 3382 δαίεται
964 3313 1061 3402 ήτορ,

184 3424 356 3511 δυσμόρῳ,
380 3422 417 3499 δς
439 3423 480 3506 δή
505 3422 594 3506 δηθά
617 3425 726 3507 φίλων
749 3423 813 3488 ἀπο
836 3425 966 3506 πήματα
988 3422 1106 3507 πάσχει

185 3531 275 3617 νήσῳ
299 3527 336 3593 έν
358 3526 544 3614 ἀμφιρύτῃ,
566 3529 625 3595 δθι
642 3526 672 3593 τ’
693 3528 843 3612 ὀμφαλός
860 3527 929 3594 έστι
947 3530 1127 3613 θαλάσσης.
1160 3548 1195 3595 50
