2642 3917
477 253 685 306 ΟΔΤΣΣΕΙΑΣ
702 255 749 305 IV.
1073 249 1117 314 55

147 395 210 478 τήν
228 392 258 462 δ’
280 395 542 480 ἀπαμειβόμενος
555 393 708 481 προσέφη
723 395 846 476 ξανθὸς
861 393 1046 471 Μενέλαος·
1065 410 1116 460 265

103 499 184 584 „val
208 502 249 585 δή
272 502 375 567 ταῦτά
398 525 434 585 γε
457 502 579 584 πάντα,
603 502 718 584 γύναι,
741 502 823 566 κατὰ
846 510 966 585 μοῖραν
989 502 1102 575 ἔειπες.

102 609 167 690 ήδη
191 603 252 691 μὲν
274 605 403 673 πολέων
426 607 528 692 έδάην
551 608 678 691 βουλήν
700 631 735 673 τε
757 610 840 673 νόον
862 630 896 672 τε

103 713 238 796 ἀνδρῶν
260 713 394 796 ήρώων,
418 714 545 796 πολλήν
569 710 600 778 δ’
627 712 817 797 ἐπελήλυθα
837 723 951 796 γαῖαν·

103 816 178 884 ἀλλ’
205 820 246 884 οό
269 842 319 885 πω
342 829 496 886 τοιοῦτον
519 818 605 902 έγών
629 820 704 884 ίδον
727 819 970 903 ὀφθαλμοῖσιν,

104 919 179 990 οἷον
200 923 379 1010 Ὀδυσσῆος
401 929 646 1010 ταλασίφρονος
669 928 742 991 ἔσκε
765 928 867 1011 φίλον
889 934 961 1010 κηρ.
1065 938 1117 988 2⁷0

103 1024 179 1097 οἷον
201 1030 256 1097 καὶ
279 1029 349 1096 τόδ’
376 1031 464 1117 ἔρεξε
487 1029 542 1098 καὶ
566 1034 642 1115 ἔτλη
666 1033 824 1117 καρτερὸς
846 1031 931 1116 ἀνήρ

103 1141 192 1226 ἵππῳ
217 1141 267 1203 ένι
290 1137 407 1226 ξεστῷ,
431 1135 476 1203 ἵν’
503 1136 649 1221 ἐνήμεθα
672 1138 793 1215 πάντες
815 1139 945 1221 ἄριστοι

100 1244 258 1327 Ἀργείων
285 1244 433 1328 Τρώεσσι
456 1246 564 1328 φόνον
586 1241 642 1309 καὶ
664 1251 750 1328 κῆρα
773 1241 939 1328 φέροντες.

103 1347 207 1434 ήλθες
229 1353 339 1416 ἔπειτα
363 1353 405 1416 σὺ
427 1361 529 1416 κεῖσε·
552 1348 784 1433 κελευσέμεναι
807 1347 848 1414 δέ
868 1345 900 1413 σ’
927 1349 1061 1432 ἔμελλεν

104 1459 249 1541 δαίμων,
273 1455 309 1533 δς
336 1456 506 1541 Τρώεσσιν
528 1454 684 1538 ἐβούλετο
706 1457 808 1532 κῦδος
830 1452 954 1539 ὀρέξαι·
1066 1469 1117 1517 2⁷5

103 1566 164 1628 καί
181 1587 233 1628 τοι
256 1564 431 1646 Δηίφοβος
452 1564 640 1637 θεοείκελος
663 1558 771 1626 ἕσπετ’
799 1560 905 1645 ίοόση.

105 1668 175 1753 τρὶς
198 1666 234 1734 δὲ
258 1669 461 1754 περίστειξας
483 1674 598 1734 κοῖλον
621 1670 723 1751 λόχον
745 1666 972 1752 ἀμφαφόωσα,

105 1775 141 1841 ἐκ
165 1773 195 1839 δ’
223 1775 455 1859 ὀνομακλήδην
478 1778 624 1840 Δαναῶν
648 1773 805 1856 ὀνόμαζες
827 1771 998 1857 ἀρίστους,

104 1882 239 1946 πάντων
259 1878 417 1965 Ἀργείων
440 1880 558 1965 φωνήν
581 1876 711 1945 ίσκονσ’
738 1878 917 1962 ἀλόχοισιν.

105 1987 211 2072 αὐτὰρ
234 1986 298 2070 ἐγὼ
321 1985 376 2052 καὶ
404 1987 565 2070 Τυδεΐδης
588 1983 643 2051 καὶ
667 1987 739 2061 δῖος
759 1982 935 2060 Ὀδυσσεὺς
1063 1997 1116 2048 280

104 2094 223 2176 ήμενοι
245 2091 282 2157 έν
304 2090 476 2176 μέσσοισιν
499 2091 702 2174 ἀκούσαμεν,
725 2090 771 2167 ὡς
793 2089 940 2173 ἐβόησας.

106 2209 167 2263 νῶι
190 2193 251 2280 μὲν
274 2196 447 2282 ἀμφοτέρω
471 2199 676 2282 μενεήναμεν
699 2193 900 2281 ὁρμηθέντες

106 2304 126 2387 ἢ
151 2302 361 2387 ἐξελθέμεναι
383 2301 404 2387 ή
428 2304 570 2368 ἔνδοθεν
593 2298 664 2380 αἶψ’
690 2301 890 2367 ὑπακοῦσαι·

106 2406 179 2476 ἀλλ’
203 2407 358 2485 Ὀδυσεὺς
379 2407 536 2492 κατέρυκε
558 2407 614 2474 καλ
637 2411 775 2492 ἔσχεθεν
799 2406 917 2492 ίεμένω
939 2427 1009 2491 περ.

107 2513 196 2598 [ἕνθ’
224 2515 317 2580 ἀλλοι
341 2510 402 2599 μὲν
424 2516 543 2591 πάντες
567 2514 650 2596 ἀκήν
674 2516 753 2578 ἔσαν
776 2504 846 2589 υἷες
866 2509 1019 2596 Ἀχαιῶν,
1065 2529 1118 2578 285

100 2623 271 2697 ’Ἀντικλος
294 2616 331 2686 δέ
354 2619 393 2685 σέ
412 2617 444 2703 γ’
472 2615 542 2696 οίος
565 2619 769 2703 ἀμείψασθαι
793 2616 945 2683 ἐπέεσσιν

107 2731 237 2810 ἤθελεν.
283 2724 356 2791 ἀλλ’
380 2724 535 2802 Ὀδυσεὺς
559 2723 611 2790 ἐπὶ
634 2726 782 2808 μάστακα
804 2721 897 2809 χερσὶ
919 2726 1029 2802 πίεζεν

107 2831 278 2917 νωλεμέως
300 2841 491 2917 κρατερῇσι,
515 2832 622 2896 σάωσε
646 2827 683 2895 δέ
705 2831 830 2906 πάντας
849 2827 1012 2913 Ἀχαιούς·

106 2942 214 3022 τόφρα
229 2935 260 3003 δ’
278 2936 338 3022 ἔχ’,
354 2939 442 3022 ὀφρα
456 2954 493 3004 σε
507 2940 631 3021 νόσφιν
645 2936 793 3018 ἀπήγαγε
805 2936 939 3012 Παλλὰς
946 2932 1119 3020 Ἀθήνη.]“

151 3045 210 3110 τὸν
233 3041 264 3109 δ’
291 3039 334 3109 αὖ
362 3042 548 3128 Τηλέμαχος
571 3040 779 3126 πεπνυμένος
801 3039 916 3106 ἀντίον
939 3041 1039 3125 ηὔδα·
1067 3058 1119 3107 290

107 3150 274 3236 ,Ἀτρεΐδη
297 3147 448 3216 Μενέλαε
477 3146 665 3233 διοτρεφές,
689 3148 811 3230 ὀρχαμε
835 3151 940 3228 λαῶν,

103 3259 237 3340 ἄλγιον·
261 3255 302 3322 οὐ
324 3256 388 3340 γάρ
412 3256 447 3320 οἵ
467 3278 499 3319 τι
520 3254 560 3318 τά
583 3251 614 3336 γ’
640 3254 757 3337 ήρκεσε
782 3253 906 3336 λυγρὸν
929 3252 1088 3337 ὀλεθρον,

107 3361 181 3430 οὐδ’
207 3369 241 3429 εί
261 3363 296 3428 οί
315 3362 434 3447 κραδίη
458 3383 495 3444 γε
519 3357 655 3443 σιδηρέη
680 3360 822 3423 ἔνδοθεν
844 3353 912 3440 ήεν.

107 3467 179 3535 ἀλλ’
206 3466 292 3552 ἄγετ’
319 3470 366 3545 είς
389 3466 491 3550 εὐνήν
513 3462 652 3550 τράπεθ’
679 3462 795 3548 ήμέας,
819 3465 909 3548 ὄφρα
931 3461 987 3528 καὶ
1009 3464 1073 3546 ήδη

107 3576 201 3663 ὕπνῳ
224 3574 290 3640 ὕπο
314 3578 462 3660 γλυκερῷ
485 3571 687 3654 ταρπώμεθα
709 3568 957 3654 κοιμηθέντες.“
1066 3583 1117 3631 295
