2642 3917
534 199 744 252 οΔεΣΣεΙΑΣ
762 201 808 252 xl.
1106 200 1171 265 179

161 342 303 425 είσιδον,
325 340 346 425 ή
370 341 412 426 δή
435 341 541 426 φάσκε
565 343 777 408 Ποσειδάωνι
799 350 951 426 μιγῆναι,

161 449 219 512 καί
238 444 270 533 ρ’
296 450 405 514 ἔτεκεν
429 447 491 513 δύο
514 448 627 531 παίδε,
650 449 862 532 μινυνθαδίω
885 445 922 514 δὲ
944 447 1128 533 γενέσθην,

156 544 255 618 Ὦτόν
276 550 306 618 τ’
333 553 492 619 άντῶεον
513 555 721 638 τηλεκλειτόν
742 550 772 618 τ’
795 551 989 639 Ἐφιάλτην,

161 659 220 737 οδς
243 660 284 743 δή
308 661 486 743 μηκίστους
507 657 613 745 θρέψε
638 660 792 745 ζείδωρος
814 660 942 746 ἄρουρα

160 763 216 831 καλ
237 769 323 832 πολὺ
345 768 540 843 καλλίστους
562 765 643 850 μετά
665 788 703 848 γε
724 767 848 831 κλυτδν
866 764 1022 852 Ὠρίωνα·
1118 785 1170 834 31⁰

161 869 318 957 ἐννέωροι
339 872 403 957 γδρ
425 874 481 937 τοί
500 894 537 954 γε
560 869 615 936 καί
634 869 852 955 ’ἐννεαπήχεες
873 866 960 954 ἦσαν

160 971 271 1064 εὖρος,
295 977 376 1063 ἀτάρ
399 979 502 1062 μήκός
523 1000 562 1060 γε
583 975 751 1061 γενέσθην
773 976 988 1062 ἐννεόργυιοι.

160 1083 196 1148 οἵ
216 1083 258 1169 ῥα
279 1080 335 1148 καὶ
356 1082 578 1148 ἀθανάτοισιν
601 1081 780 1167 άπειλήτην
803 1081 840 1147 ἐν
860 1080 1011 1172 Ὀλύμπῳ

161 1188 329 1273 φυλόπιδα
352 1190 485 1272 στήσειν
507 1189 687 1265 πολυάικος
711 1185 878 1271 πολέμοιο.

153 1292 278 1359 Ὄσσαν
292 1290 342 1359 ἐπ’
357 1292 524 1382 Οὐλύμπφ
538 1292 689 1378 μέμασαν
701 1292 816 1377 θέμεν,
826 1293 930 1379 αὐτάρ
940 1291 989 1360 ἐπ’
999 1292 1102 1380 ’Όσση
1116 1310 1168 1360 316

160 1402 290 1484 Πήλιον
313 1400 565 1483 εἰνοσίφυλλον,
588 1396 633 1464 ἵν’
659 1398 804 1483 οὐρανὸς
826 1397 971 1483 άμβατδς
993 1406 1052 1483 είη.

159 1508 218 1571 καί
235 1506 279 1571 νύ
300 1527 358 1570 κεν
381 1501 604 1588 ἐξετέλεσσαν,
628 1505 660 1569 ελ
680 1504 764 1588 ήβης
785 1502 907 1590 μέτρον
929 1505 1054 1570 ἵκοντο·

159 1608 231 1676 ἀλλ’
257 1611 373 1676 ὄλεσεν
395 1610 479 1686 Διὸς
501 1610 589 1694 υίός,
612 1608 653 1675 δν
675 1610 821 1694 ἠύκομος
843 1608 915 1676 τέκε
937 1613 1052 1695 Λητώ,

159 1715 350 1802 ἀμφοτέρω,
373 1718 453 1799 πρίν
476 1731 587 1800 σφωιν
608 1715 675 1781 ὑπὸ
697 1717 915 1802 κροτάφοισιν
938 1718 1072 1796 ίοόλονς

161 1823 308 1907 άνθήσαι
329 1821 474 1888 πυκάσαι
496 1843 531 1886 τε
553 1818 653 1903 γένυς
675 1819 813 1886 ἐυανθέι
835 1821 948 1907 λάχνη.
1115 1841 1167 1890 ³20

205 1929 356 2015 Φαίδρην
377 1949 413 1994 τε
437 1929 587 2012 Πρόκριν
608 1949 644 1993 τε
668 1928 744 1993 ίδον
765 1930 871 2011 καλήν
892 1927 921 1992 τ’
944 1927 1135 2015 Ἀριάδνην,

158 2037 283 2122 κούρην
305 2036 443 2109 Μίνωος
466 2033 689 2120 ὀλοόφρονος,
709 2034 753 2117 ήν
774 2055 852 2100 ποτε
876 2037 1004 2118 Θησεὺς

159 2140 195 2207 ἐκ
216 2143 350 2226 Κρήτης
372 2138 407 2215 ές
428 2140 554 2220 γοννδν
573 2137 748 2223 Ἀθηνάων
771 2140 891 2224 ίεράων

157 2241 216 2329 ήγε
239 2245 314 2330 μέν,
338 2243 412 2310 οὐδ’
440 2243 598 2329 ἀπόνητο·
621 2247 727 2331 πάρος
749 2245 789 2311 δέ
809 2270 866 2329 μιν
880 2244 1031 2332 ’Ἄρτεμις
1053 2249 1128 2314 ἔκτα

157 2355 225 2438 Δίη
248 2351 284 2416 ἐν
307 2349 476 2435 άμφιρότη
498 2351 672 2416 Διονύσου
695 2352 923 2436 μαρτυρίῃσιν.
1112 2371 1165 2421 ενι

200 2457 339 2542 Μαῖράν
355 2479 391 2522 τε
405 2454 583 2541 Κλυμένην
600 2479 636 2522 τε
655 2457 731 2522 ίδον
749 2459 912 2541 στυγερήν
924 2455 953 2521 τ’
968 2451 1165 2545 Ἐριφύλην,

156 2565 176 2648 ή
200 2564 327 2650 χρυσδν
349 2564 451 2647 φίλον
474 2560 595 2647 ἀνδρὸς
617 2559 748 2640 ἐδέξατο
771 2565 934 2646 τιμήεντα.

156 2671 263 2747 πάσας
285 2662 316 2734 δ’
342 2667 404 2734 οὐκ
426 2665 468 2733 δν
490 2665 553 2749 ἐγὼ
577 2668 772 2752 μυθήσομαι
794 2666 867 2734 οὐδ’
894 2668 1062 2754 ὀνομήνω,

156 2777 257 2853 ὅσσας
278 2775 399 2861 ἡρώων
421 2773 561 2858 άλόχους
585 2774 660 2838 ίδον
682 2769 742 2855 ήδέ
763 2772 947 2861 θύγατρας·

156 2879 236 2967 πρὶν
249 2881 312 2965 γάρ
325 2903 384 2946 κεν
397 2877 452 2946 καὶ
465 2879 527 2959 νὺξ
541 2876 636 2963 φθῑτ’
654 2879 826 2963 ἄμβροτος.
857 2879 1008 2945 ἀλλὰκαὶ
1023 2882 1092 2967 ὥρη
1111 2898 1164 2948 εεο

156 2987 282 3069 εὕδειν,
304 2985 325 3069 ή
349 2985 403 3052 ἐπὶ
424 2994 489 3069 νήα
511 2985 600 3068 θοήν
623 2981 755 3050 ἐλθόντ’
782 2984 815 3062 ἐς
838 2985 989 3072 ἑταίρους

156 3092 176 3177 ή
200 3091 317 3158 αὐτοῦ·
339 3092 451 3176 πομπή
475 3088 512 3156 δὲ
534 3097 628 3168 θεοῖς
650 3091 732 3175 ὑμῖν
753 3114 788 3156 τε
811 3093 976 3176 μελήσει.“

200 3193 245 3276 ὧς
272 3195 388 3283 ἔφαθ’,
415 3198 451 3263 οί
472 3195 502 3262 δ’
529 3198 593 3284 άρα
615 3197 735 3274 πάντες
758 3196 841 3280 άκήν
864 3195 1017 3280 ἐγένοντο
1041 3210 1163 3284 σιωπή,

155 3309 316 3392 κηληθμῷ
340 3300 371 3368 δ’
397 3305 532 3386 ἔσχοντο
554 3303 637 3368 κατὰ
659 3301 786 3388 μέγαρα
807 3305 968 3368 σκιόεντα.

154 3420 262 3477 τοῖσιν
285 3405 316 3474 δ’
338 3405 455 3494 ’Λρήτη
479 3409 681 3486 λευκώλενος
702 3409 821 3493 ήρχετο
843 3408 976 3492 μόθων·
1110 3424 1163 3473 σεο

155 3517 337 3601 ,,Φαίηκες,
360 3524 430 3590 πῶς
451 3514 555 3598 ὔμμιν
578 3514 663 3599 ἀνήρ
687 3512 743 3578 όδε
768 3515 923 3597 φαίνεται
936 3507 1031 3646 μόναι

898 3619 930 3667 12
