2642 3917
178 206 240 270 156
551 209 759 260 omnm
777 209 810 260 K

176 347 247 415 ἀλλ’
274 347 376 434 ἄγετ’,
400 344 480 435 ὄφρ’
505 349 543 416 έν
564 348 621 435 νηί
643 356 710 436 θοή
733 354 856 437 βρῶσίς
878 374 914 416 τε
936 354 1033 430 πόσις
1053 375 1104 436 τε,
1136 414 1138 419 ,

175 457 371 539 μνησόμεθα
392 457 541 542 βρώμης,
565 452 648 540 μηδὲ
671 457 870 542 τρυχώμεθα
893 458 997 546 λιμῷέ

220 555 264 638 ὧς
287 560 432 646 ἐφάμην,
456 562 492 627 οί
512 556 544 628 δ’
570 558 638 628 ὦκα
662 561 754 647 ἐμοῖς
776 562 905 629 ἐπέεσσι
927 567 1086 647 πίθοντο,

176 666 212 732 ἐκ
235 663 272 733 δὲ
294 669 521 752 καλυψάμενοι
544 668 633 754 παρὰ
655 663 728 733 θῖν’
752 667 831 746 ἁλὸς
854 668 1046 755 ἀτρυγέτοιο

176 767 340 857 θηήσαντ’
365 776 506 858 ἔλαφον·
529 775 616 859 μάλα
638 775 702 860 γάρ
725 773 809 858 μέγα
831 777 955 860 θηρίον
977 770 1045 858 ἦεν.
1138 795 1188 843 180

177 879 280 964 αὐτάρ
304 877 374 945 ἐπεὶ
396 881 568 966 τάρπησαν
591 880 754 966 ὁρώμενοι
778 879 1020 966 ὀφθαλμοῖσιν,

176 996 286 1071 χεῖρας
307 985 482 1069 νιψάμενοι
504 981 651 1069 τεύχοντ’
677 984 830 1072 ἐρικυδέα
853 987 958 1051 δαῖτα.

221 1085 265 1168 ὧς
287 1093 361 1156 τότε
383 1087 444 1175 μὶν
466 1093 598 1177 πρόπαν
620 1087 708 1177 ἦμαρ
732 1090 764 1169 ἐς
786 1090 899 1175 ήέλιον
922 1094 1109 1159 καταδύντα

176 1198 286 1281 ήμεθα
309 1197 503 1281 δαινύμενοι
525 1196 605 1283 κρέα
627 1193 656 1263 τ’
683 1200 807 1263 άσκετα
828 1195 884 1262 καὶ
906 1195 995 1282 μέθυ
1016 1197 1096 1282 ἦδύ·

177 1299 259 1388 ἦμος
282 1297 313 1368 δ’
338 1301 447 1386 ήέλιος
468 1301 590 1369 κατέδυ
612 1303 668 1369 καὶ
691 1303 744 1370 ἐπὶ
766 1302 891 1388 κνέφας
912 1298 1033 1388 ἦλθεν,
1140 1322 1189 1372 185

178 1411 219 1493 δή
243 1412 316 1475 τότε
338 1407 548 1494 κοιμήθημεν
571 1409 625 1475 ἐπὶ
648 1411 783 1496 ῥηγμῖνι
805 1410 985 1493 θαλάσσης.

177 1511 260 1600 ἦμος
283 1510 314 1581 δ’
339 1514 506 1601 ἠριγένεια
528 1517 619 1600 φάνη
643 1517 888 1603 ῥοδοδάκτυλος
907 1513 1008 1598 Ἠώς,

177 1620 232 1688 καί
254 1616 322 1687 τότ’
347 1620 434 1705 ἐγὼν
456 1620 583 1708 άγορήν
604 1621 746 1707 θέμενος
768 1622 848 1707 μετὰ
870 1630 972 1687 πᾶσιν
994 1625 1118 1688 ἔειπον·

178 1726 341 1812 ,[κέκλυτέ
360 1750 423 1811 μευ
446 1728 582 1812 μύθων,
605 1729 689 1793 κακά
711 1750 772 1814 περ
795 1727 976 1811 πάσχοντες
998 1727 1149 1814 ἑταῖρον]

179 1831 204 1900 ὦ
228 1836 336 1919 φίλοι,
360 1833 401 1898 ού
423 1833 488 1918 γάρ
510 1827 539 1898 τ’
565 1835 675 1917 ίδμεν,
699 1834 763 1920 ὅπη
787 1836 886 1919 ζόφος
909 1828 982 1900 οὐδ’
1007 1834 1072 1920 όπη
1094 1834 1175 1918 ήύς,

179 1935 251 2006 οὐδ’
277 1940 341 2024 ὅπη
363 1937 472 2023 ήέλιος
495 1941 737 2025 φαεσίμβροτος
760 1934 821 2005 είσ’
845 1939 910 2005 ὑπὸ
933 1949 1047 2023 γαῖαν,
1139 1957 1188 2005 191
1311 2016 1316 2029 1

178 2040 252 2111 οὐδ’
279 2045 343 2130 ὅπη
366 2044 527 2110 ἀννεῖται·
551 2045 634 2111 άλλά
657 2047 859 2131 φραζώμεθα
880 2051 1027 2129 θᾶσσον,

179 2158 212 2217 εί
229 2175 280 2229 τις
303 2147 348 2216 ἐτ’
373 2154 464 2216 ἔσται
487 2160 589 2236 μήτις.
635 2151 699 2235 ἐγὼ
723 2147 754 2217 δ’
779 2151 842 2217 οὐκ
864 2157 975 2234 οῖομαι
998 2146 1091 2216 εἶναι.

179 2254 271 2324 εἶδον
293 2260 357 2342 γὰρ
381 2258 522 2340 σκοπιήν
544 2256 578 2334 ἐς
600 2254 846 2323 παιπῶόεσσαν
870 2256 1022 2322 ἀνελθὼν

179 2373 300 2448 νήσου,
323 2365 384 2447 τήν
407 2363 482 2449 πέρι
505 2367 626 2457 πόντος
648 2364 813 2449 ἀπείριτος
836 2362 1072 2446 ἐστεφάνωται·
1139 2379 1189 2428 195

180 2471 261 2553 αὐτή
287 2465 323 2534 δέ
347 2470 502 2554 χθαμαλή
525 2481 642 2535 κεῖται·
666 2471 793 2535 καπνὸν
816 2463 847 2535 δ’
873 2467 923 2534 ἐνὶ
946 2467 1050 2554 μέσση

120 2579 126 2592 “
180 2578 321 2661 ἔδρακον
345 2574 551 2659 ὀφθαλμοῖσι
575 2575 630 2641 διὰ
654 2575 764 2660 δρυμὰ
786 2575 895 2640 πυκνά
917 2573 972 2639 καί
994 2573 1101 2658 ύλην.6

224 2677 269 2758 ὥς
291 2679 436 2764 ἐφάμην,
459 2691 567 2746 τοῖσιν
590 2676 626 2746 δέ
649 2680 856 2763 κατεκλάσθη
880 2683 981 2764 φίλον
1003 2675 1084 2766 ἦτορ

179 2785 400 2874 μνησαμένοις
424 2789 530 2871 ἔργον
552 2788 803 2871 Λαιστρυγόνος
822 2780 1018 2870 Ἀντιφάταο

180 2895 362 2971 Κύκλωπός
383 2916 418 2958 τε
441 2895 516 2976 βίης
542 2892 765 2978 μεγαλήτορος
788 2891 1024 2976 άνδροφάγοιο.
1137 2909 1190 2958 200
1296 2919 1299 2929 ·

179 3007 295 3066 κλαῖον
319 2995 356 3064 δὲ
379 2997 495 3083 λιγέως
517 3001 664 3085 θαλερὸν
685 2999 767 3063 κατά
790 2998 896 3082 δάκρυ
918 2996 1061 3081 χέοντες·

181 3102 252 3172 ἀλλ’
278 3106 319 3171 ού
342 3107 406 3191 γάρ
428 3129 478 3183 τις
500 3104 616 3191 πρῆξις
638 3104 785 3189 ἐγίγνετο
808 3102 1054 3188 μυρομένοισιν.

181 3214 285 3299 αὐτάρ
308 3213 371 3294 ἐγὼ
396 3213 472 3296 δίχα
495 3212 620 3288 πάντας
642 3207 841 3294 ἐυκνήμιδας
864 3207 1014 3293 ἑταίρους

180 3321 358 3404 ήρίθμεον,
383 3317 486 3403 ἀρχὸν
510 3313 546 3383 δέ
569 3311 638 3401 μετ’
665 3313 901 3400 ἀμφοτέροισιν
925 3317 1067 3380 όκασσα·

181 3435 247 3489 τῶν
265 3420 326 3508 μὲν
345 3423 430 3506 ἐγὼν
447 3419 567 3509 ἦρχον,
584 3433 652 3488 τῶν
672 3416 703 3486 δ’
723 3421 917 3506 Εὐρύλοχος
935 3417 1096 3503 θεοειδής.
1138 3436 1190 3485 205

182 3527 324 3612 κλήρους
347 3523 377 3595 δ’
403 3529 440 3594 ἐν
461 3527 563 3614 κυνέη
585 3527 742 3614 χαλκήρεϊ
763 3529 930 3611 πάλλομεν
953 3521 1034 3590 ὦκα·
