2642 3917
510 207 719 260 οευεεωιιε
737 210 771 263 x,
1084 211 1147 276 157

137 348 173 414 ἐκ
196 343 228 415 δ’
253 351 352 435 ἔθορε
375 354 495 436 κλῆρος
518 349 742 437 μεγαλήτορος
764 352 981 438 Εὐρυλόχοιο.

137 457 179 537 βῇ
204 449 236 520 δ’
262 452 363 539 ίέναι,
386 456 452 540 ἅμα
474 465 519 545 τῇ
542 480 581 540 γε
604 457 676 522 δύω
698 456 754 523 καὶ
776 455 878 524 είκοσ
904 458 1027 545 ἑταῖροι

137 564 319 639 κλαίοντες·
342 563 423 627 κατὰ
447 557 478 627 δ’
504 563 589 647 άμμε
612 566 711 628 λίπον
733 566 900 648 γοόωντας
923 567 1071 632 ὄπισθεν.

137 661 237 752 εὗρον
260 662 292 734 δ’
319 667 355 733 ἐν
378 667 522 755 βήσσῃσι
543 669 726 754 τετυγμένα
749 672 883 755 δώματα
906 674 1031 756 Κίρκης
1098 689 1149 737 210

137 770 300 851 ξεστοῖσιν
323 774 453 858 λάεσσι,
476 774 680 865 περισκέπτῳ
704 775 754 842 ἐνλ
776 777 886 864 χώρῳ·

136 877 221 963 ἀμφὶ
246 878 285 945 δέ
306 905 363 964 μιν
387 882 482 947 λύκοι
503 877 589 964 ήσαν
613 881 781 968 ὀρέστεροι
803 878 864 965 ήδὲ
887 880 1031 966 λέοντες,

135 988 213 1062 τοὺς
237 987 319 1070 αὐτή
342 986 553 1070 κατέθελξεν,
577 986 646 1054 ἐπεὶ
669 990 753 1054 κακὰ
776 983 921 1074 φάρμακ’
946 990 1077 1054 ἐδωκεν.

136 1087 210 1157 οὐδ’
235 1093 271 1158 οἳ
290 1089 322 1176 γ’
348 1091 554 1179 ὡρμήθησαν
577 1089 628 1159 ἐπ’
654 1095 832 1181 ἀνδράσιν,
855 1089 928 1159 ἀλλ’
954 1096 1018 1180 ἀρα
1039 1097 1148 1178 τοίγε

136 1197 276 1284 ούρῇσιν
298 1208 441 1285 μακρῇσι
464 1203 734 1285 περισσαίνοντες
756 1199 906 1265 ἀνέσταν.
1096 1217 1147 1266 215

135 1305 180 1382 ώς
203 1300 235 1370 δ’
260 1301 308 1370 ὅτ’
333 1305 375 1371 ἀν
398 1303 483 1390 ἀμφὶ
507 1307 631 1371 άναιιτα
653 1307 751 1383 κύνες
774 1308 934 1390 δαίτηθεν
957 1308 1051 1372 ίόντα

135 1407 285 1495 σαίνωσ’,
309 1409 374 1476 αίελ
397 1413 460 1497 γάρ
483 1435 518 1476 τε
542 1410 636 1497 φέρει
659 1415 854 1496 μειλίγματα
875 1418 1006 1496 θυμοῦ,

135 1511 179 1594 ὧς
202 1521 280 1595 τοὺς
304 1516 389 1602 ἀμφὶ
413 1518 508 1583 λύκοι
530 1519 777 1603 κρατερώνυχες
798 1513 858 1600 ήδδ
881 1514 1011 1594 λέοντες

134 1635 265 1689 σαῖνον·
288 1621 340 1689 τοὶ
363 1618 394 1689 δ’
420 1624 566 1706 ἔδεισαν,
591 1621 660 1688 ἐπεὶ
684 1625 759 1688 ίδον
782 1624 860 1688 αίνδ
882 1621 1022 1717 πέλωρα.

134 1733 233 1796 ἔσταν
255 1725 286 1796 δ’
312 1729 349 1795 ἐν
371 1730 574 1815 προθύροισι
596 1735 679 1806 θεᾶς
701 1728 997 1813 καλλιπλοκάμοιο,
1095 1748 1146 1797 κιο

134 1839 259 1922 Κίρκης
282 1831 314 1902 δ’
339 1837 438 1901 ἐνδον
461 1837 585 1901 άκουον
608 1834 786 1919 ἀειδούσης
809 1834 865 1900 ὀπὶ
887 1840 986 1921 καλῇ,

134 1943 226 2009 ίστὸν
249 1940 462 2026 ἐποιχομένης
485 1939 588 2025 μέγαν
612 1942 795 2027 ἄμβροτον,
818 1933 873 2006 οἷα
894 1942 1008 2006 θεάων
1072 1996 1074 1999 ,

133 2051 234 2116 λεπτά
256 2073 291 2115 τε
313 2047 369 2114 καὶ
391 2051 545 2134 χαρίεντα
568 2045 623 2113 καὶ
646 2047 753 2130 ἀγλαὰ
776 2049 855 2133 ἐργα
878 2046 1042 2113 πέλονται.

133 2165 219 2221 τοῖσι
242 2151 279 2220 δὲ
302 2155 422 2239 μύθων
443 2150 523 2239 ήρχε
547 2156 692 2238 Πολίτης
720 2155 863 2239 ὄρχαμος
885 2152 1034 2239 ἀνδρῶν,

133 2260 170 2337 ὃς
192 2283 249 2345 μοι
270 2258 424 2344 κήδιστος
447 2258 572 2343 ἑτάρων
594 2253 637 2341 ήν
660 2261 856 2337 κεδνότατός
877 2279 928 2325 τε·
1092 2277 1144 2326 225

133 2363 171 2451 ,ὦ
194 2369 303 2452 φίλοι,
327 2365 426 2429 ἔνδον
449 2365 512 2450 γάρ
535 2388 585 2441 τις
607 2363 802 2449 ἐποιχομένη
825 2363 930 2449 μέγαν
954 2366 1046 2431 ίστδν

132 2474 234 2538 καλὸν
257 2470 412 2553 ἀοιδιάει,
437 2471 581 2536 δάπεδον
605 2465 634 2535 δ
660 2471 748 2536 ἅπαν
771 2469 1014 2556 ἀμφιμέμικιεν,

132 2579 152 2664 ή
175 2580 255 2656 θεὸς
276 2574 315 2661 ήδ
336 2574 437 2661 γυνή·
460 2575 543 2641 ἀλλά
566 2577 794 2661 φθεγγώμεθα
815 2577 968 2642 θᾶσσονέ

176 2682 221 2764 ώς
243 2679 295 2770 ἄρ’
321 2682 508 2768 ἐφώνησεν,
531 2681 583 2749 τοὶ
606 2679 643 2748 δὲ
666 2681 856 2768 φθέγγοντο
878 2687 1061 2761 καλεῦντες.

131 2792 152 2875 ή
177 2787 208 2858 δ’
233 2787 304 2868 αἶψ’
330 2790 511 2869 ἐξελθοῦσα
533 2790 643 2874 θύρας
666 2789 740 2868 ώιξε
763 2789 902 2874 φαεινάς
1089 2807 1139 2856 230

17 2921 21 2931 ·
91 2883 92 2888 ἵ
131 2898 187 2964 καὶ
208 2898 313 2963 κάλει·
337 2891 423 2963 ολδ
448 2896 515 2980 ἅμα
536 2896 656 2972 πάντες
680 2896 865 2982 ἀιδρείησιν
888 2894 1020 2961 ἕποντο·

33 3023 36 3031 ’
131 3003 324 3090 Εὐρύλοχος
346 2997 377 3067 δ’
401 3001 592 3086 ὑπέμεινεν,
615 3001 790 3086 ὀισάμενος
813 3003 915 3068 δόλον
938 2996 1031 3066 εἶναι.

131 3100 220 3174 εἷσεν
243 3102 275 3173 δ’
300 3109 521 3188 είσαγαγοῦσα
543 3107 625 3171 κατὰ
646 3107 806 3190 κλισμούς
826 3129 862 3172 τε
883 3108 1030 3192 θρόνους
1052 3132 1101 3191 τε,

131 3215 167 3281 έν
192 3212 231 3280 δέ
252 3230 334 3297 σφιν
356 3214 459 3297 τυρόν
480 3235 516 3277 τε
537 3210 593 3277 καλ
615 3213 738 3297 άλφιτα
760 3210 815 3277 καὶ
838 3211 911 3297 μέλι
933 3214 1063 3298 χλωρὸν

130 3327 211 3408 οίνφ
236 3321 413 3407 Πραμνείῳ
437 3317 549 3384 ἐκύκα·
572 3317 727 3403 ἀνέμισγε
750 3315 788 3384 δέ
806 3321 885 3407 σίτφ
1084 3335 1136 3384 235

129 3428 285 3512 φάρμακα
308 3418 416 3510 λύγρ’,
439 3424 495 3489 ἵνα
517 3425 625 3508 πάγχυ
648 3427 807 3490 λαθοίατο
830 3424 988 3509 πατρίδος
1010 3430 1092 3509 αίης.

128 3532 233 3618 αύτάρ
257 3528 326 3596 ἐπεὶ
350 3529 455 3594 δώκέν
477 3552 512 3594 τε
534 3527 589 3594 καὶ
612 3532 741 3612 ἔκπιον,
765 3524 869 3595 αὐτίκ’
894 3531 1004 3594 ἔπειτα
