<?xml version="1.0" encoding="UTF-8"?>
<!DOCTYPE html PUBLIC "-//W3C//DTD XHTML 1.0 Transitional//EN"
    "http://www.w3.org/TR/xhtml1/DTD/xhtml1-transitional.dtd">
<html xmlns="http://www.w3.org/1999/xhtml" xml:lang="en" lang="en">
 <head>
  <title>
</title>
<meta http-equiv="Content-Type" content="text/html;charset=utf-8" />
  <meta name='ocr-system' content='tesseract 3.04.00' />
  <meta name='ocr-capabilities' content='ocr_page ocr_carea ocr_par ocr_line ocrx_word'/>
</head>
<body>
  <div class='ocr_page' id='page_1' title='image "./homeriodyssea00dindgoog_0012.png"; bbox 0 0 2642 3917; ppageno 0'>
   <div class='ocr_carea' id='block_1_1' title="bbox 180 208 788 263">
    <p class='ocr_par' dir='ltr' id='par_1_1' title="bbox 180 208 788 263">
     <span class='ocr_line' id='line_1_1' title="bbox 180 208 788 263; baseline 0 -2"><span class='ocrx_word' id='word_1_1' title='bbox 180 208 203 261; x_wconf 87' lang='lat' dir='ltr'>X</span> <span class='ocrx_word' id='word_1_2' title='bbox 588 208 788 263; x_wconf 77' lang='lat' dir='ltr'>SUMMARIA.</span> 
     </span>
    </p>
   </div>
   <div class='ocr_carea' id='block_1_2' title="bbox 179 372 1189 538">
    <p class='ocr_par' dir='ltr' id='par_1_2' title="bbox 179 372 1189 538">
     <span class='ocr_line' id='line_1_2' title="bbox 180 372 1189 454; baseline 0.004 -23"><span class='ocrx_word' id='word_1_3' title='bbox 180 372 369 434; x_wconf 87' lang='lat' dir='ltr'>dissimulato</span> <span class='ocrx_word' id='word_1_4' title='bbox 398 374 520 434; x_wconf 91' lang='lat' dir='ltr'>consilio</span> <span class='ocrx_word' id='word_1_5' title='bbox 549 394 602 433; x_wconf 90' lang='lat' dir='ltr'>suo</span> <span class='ocrx_word' id='word_1_6' title='bbox 637 372 849 454; x_wconf 79' lang='lat'>(319-419).</span> <span class='ocrx_word' id='word_1_7' title='bbox 894 378 1019 437; x_wconf 89' lang='lat' dir='ltr'>Interim</span> <span class='ocrx_word' id='word_1_8' title='bbox 1050 378 1125 438; x_wconf 85' lang='lat' dir='ltr'>flexo</span> <span class='ocrx_word' id='word_1_9' title='bbox 1158 378 1189 436; x_wconf 89' lang='lat' dir='ltr'>in</span> 
     </span>
     <span class='ocr_line' id='line_1_3' title="bbox 179 462 1188 538; baseline 0.006 -19"><span class='ocrx_word' id='word_1_10' title='bbox 179 480 334 538; x_wconf 85' lang='lat' dir='ltr'>vesperam</span> <span class='ocrx_word' id='word_1_11' title='bbox 363 462 410 521; x_wconf 90' lang='lat' dir='ltr'>die</span> <span class='ocrx_word' id='word_1_12' title='bbox 438 462 520 537; x_wconf 91' lang='lat' dir='ltr'>proci</span> <span class='ocrx_word' id='word_1_13' title='bbox 544 484 562 522; x_wconf 90' lang='lat' dir='ltr'>a</span> <span class='ocrx_word' id='word_1_14' title='bbox 585 467 676 523; x_wconf 87' lang='lat' dir='ltr'>cantu</span> <span class='ocrx_word' id='word_1_15' title='bbox 699 468 731 523; x_wconf 88' lang='lat' dir='ltr'>et</span> <span class='ocrx_word' id='word_1_16' title='bbox 752 465 912 526; x_wconf 72' lang='lat' dir='ltr'>saltatione</span> <span class='ocrx_word' id='word_1_17' title='bbox 939 467 1075 527; x_wconf 88' lang='lat' dir='ltr'>cubitum</span> <span class='ocrx_word' id='word_1_18' title='bbox 1097 467 1188 526; x_wconf 91' lang='lat' dir='ltr'>disce·</span> 
     </span>
    </p>
   </div>
   <div class='ocr_carea' id='block_1_3' title="bbox 180 549 1316 634">
    <p class='ocr_par' dir='ltr' id='par_1_3' title="bbox 180 549 1316 634">
     <span class='ocr_line' id='line_1_4' title="bbox 180 549 1316 634; baseline 0.004 -25"><span class='ocrx_word' id='word_1_19' title='bbox 180 551 257 610; x_wconf 88' lang='lat' dir='ltr'>dunt</span> <span class='ocrx_word' id='word_1_20' title='bbox 271 550 382 629; x_wconf 77' lang='lat' dir='ltr'>domoc,</span> <span class='ocrx_word' id='word_1_21' title='bbox 401 551 524 628; x_wconf 85' lang='lat' dir='ltr'>ipseque</span> <span class='ocrx_word' id='word_1_22' title='bbox 540 549 734 615; x_wconf 84' lang='lat' dir='ltr'>Telemachus</span> <span class='ocrx_word' id='word_1_23' title='bbox 753 553 915 613; x_wconf 88' lang='lat' dir='ltr'>dormitum</span> <span class='ocrx_word' id='word_1_24' title='bbox 934 554 960 613; x_wconf 92' lang='lat' dir='ltr'>it</span> <span class='ocrx_word' id='word_1_25' title='bbox 974 549 1187 634; x_wconf 82' lang='lat'>(420-444).</span> <span class='ocrx_word' id='word_1_26' title='bbox 1309 557 1316 582; x_wconf 66' lang='lat'>³</span> 
     </span>
    </p>
   </div>
   <div class='ocr_carea' id='block_1_4' title="bbox 666 740 706 805">
    <p class='ocr_par' dir='ltr' id='par_1_4' title="bbox 666 740 706 805">
     <span class='ocr_line' id='line_1_5' title="bbox 666 740 706 805; baseline 0 0"><span class='ocrx_word' id='word_1_27' title='bbox 666 740 706 805; x_wconf 93' lang='lat' dir='ltr'>lI.</span> 
     </span>
    </p>
   </div>
   <div class='ocr_carea' id='block_1_5' title="bbox 246 844 1316 927">
    <p class='ocr_par' dir='ltr' id='par_1_5' title="bbox 246 844 1316 927">
     <span class='ocr_line' id='line_1_6' title="bbox 246 844 1316 927; baseline 0.003 -18"><span class='ocrx_word' id='word_1_28' title='bbox 246 851 452 911; x_wconf 88' lang='lat' dir='ltr'>Ithacensibus</span> <span class='ocrx_word' id='word_1_29' title='bbox 479 855 597 927; x_wconf 86' lang='lat' dir='ltr'>postero</span> <span class='ocrx_word' id='word_1_30' title='bbox 625 872 712 911; x_wconf 87' lang='lat' dir='ltr'>mane</span> <span class='ocrx_word' id='word_1_31' title='bbox 740 853 777 912; x_wconf 89' lang='lat' dir='ltr'>ad</span> <span class='ocrx_word' id='word_1_32' title='bbox 807 853 967 913; x_wconf 89' lang='lat' dir='ltr'>concilium</span> <span class='ocrx_word' id='word_1_33' title='bbox 992 854 1106 914; x_wconf 82' lang='lat' dir='ltr'>vocatis</span> <span class='ocrx_word' id='word_1_34' title='bbox 1133 854 1187 912; x_wconf 85' lang='lat' dir='ltr'>Tc·</span> <span class='ocrx_word' id='word_1_35' title='bbox 1310 844 1316 870; x_wconf 75' lang='grc'><em>”</em></span> 
     </span>
    </p>
   </div>
   <div class='ocr_carea' id='block_1_6' title="bbox 179 940 1212 1723">
    <p class='ocr_par' dir='ltr' id='par_1_6' title="bbox 179 940 1212 1723">
     <span class='ocr_line' id='line_1_7' title="bbox 180 940 1188 1020; baseline 0.004 -23"><span class='ocrx_word' id='word_1_36' title='bbox 180 940 333 999; x_wconf 81' lang='lat' dir='ltr'>lamachus</span> <span class='ocrx_word' id='word_1_37' title='bbox 361 940 499 1015; x_wconf 87' lang='lat' dir='ltr'>queritur</span> <span class='ocrx_word' id='word_1_38' title='bbox 525 940 736 1000; x_wconf 86' lang='lat' dir='ltr'>contumeliam</span> <span class='ocrx_word' id='word_1_39' title='bbox 764 942 869 1000; x_wconf 89' lang='lat' dir='ltr'>domus</span> <span class='ocrx_word' id='word_1_40' title='bbox 896 944 927 1001; x_wconf 92' lang='lat' dir='ltr'>et</span> <span class='ocrx_word' id='word_1_41' title='bbox 948 942 1188 1020; x_wconf 83' lang='lat' dir='ltr'>profligationem</span> 
     </span>
     <span class='ocr_line' id='line_1_8' title="bbox 179 1028 1188 1107; baseline 0.002 -21"><span class='ocrx_word' id='word_1_42' title='bbox 179 1028 326 1088; x_wconf 84' lang='lat' dir='ltr'>bonorum</span> <span class='ocrx_word' id='word_1_43' title='bbox 348 1030 440 1105; x_wconf 89' lang='lat' dir='ltr'>atque</span> <span class='ocrx_word' id='word_1_44' title='bbox 458 1029 564 1105; x_wconf 88' lang='lat' dir='ltr'>populi</span> <span class='ocrx_word' id='word_1_45' title='bbox 583 1028 817 1089; x_wconf 83' lang='lat' dir='ltr'>misericordiam</span> <span class='ocrx_word' id='word_1_46' title='bbox 835 1033 866 1089; x_wconf 91' lang='lat' dir='ltr'>et</span> <span class='ocrx_word' id='word_1_47' title='bbox 884 1030 1032 1089; x_wconf 84' lang='lat' dir='ltr'>auxilium</span> <span class='ocrx_word' id='word_1_48' title='bbox 1045 1030 1188 1107; x_wconf 76' lang='lat' dir='ltr'><strong>implorat</strong></span> 
     </span>
     <span class='ocr_line' id='line_1_9' title="bbox 180 1109 1187 1197; baseline 0.001 -22"><span class='ocrx_word' id='word_1_49' title='bbox 180 1109 328 1197; x_wconf 77' lang='lat'>(1-79).</span> <span class='ocrx_word' id='word_1_50' title='bbox 374 1116 536 1194; x_wconf 87' lang='lat' dir='ltr'>Antinous,</span> <span class='ocrx_word' id='word_1_51' title='bbox 564 1136 600 1177; x_wconf 86' lang='lat' dir='ltr'>ex</span> <span class='ocrx_word' id='word_1_52' title='bbox 626 1116 811 1194; x_wconf 89' lang='lat' dir='ltr'>principibus</span> <span class='ocrx_word' id='word_1_53' title='bbox 837 1138 1009 1197; x_wconf 83' lang='lat' dir='ltr'>procorum,</span> <span class='ocrx_word' id='word_1_54' title='bbox 1037 1120 1127 1195; x_wconf 88' lang='lat' dir='ltr'>culpa</span> <span class='ocrx_word' id='word_1_55' title='bbox 1156 1118 1187 1177; x_wconf 92' lang='lat' dir='ltr'>in</span> 
     </span>
     <span class='ocr_line' id='line_1_10' title="bbox 179 1204 1188 1286; baseline 0.004 -24"><span class='ocrx_word' id='word_1_56' title='bbox 179 1204 348 1280; x_wconf 81' lang='lat' dir='ltr'>Penelopen</span> <span class='ocrx_word' id='word_1_57' title='bbox 370 1206 518 1264; x_wconf 81' lang='lat' dir='ltr'>translata</span> <span class='ocrx_word' id='word_1_58' title='bbox 540 1204 629 1264; x_wconf 87' lang='lat' dir='ltr'>finem</span> <span class='ocrx_word' id='word_1_59' title='bbox 656 1206 805 1265; x_wconf 85' lang='lat' dir='ltr'>malorum</span> <span class='ocrx_word' id='word_1_60' title='bbox 827 1206 890 1266; x_wconf 86' lang='lat' dir='ltr'>fore</span> <span class='ocrx_word' id='word_1_61' title='bbox 913 1209 1017 1286; x_wconf 87' lang='lat' dir='ltr'>negat,</span> <span class='ocrx_word' id='word_1_62' title='bbox 1040 1207 1099 1265; x_wconf 90' lang='lat' dir='ltr'>nisi</span> <span class='ocrx_word' id='word_1_63' title='bbox 1121 1207 1188 1284; x_wconf 90' lang='lat' dir='ltr'>ipsa</span> 
     </span>
     <span class='ocr_line' id='line_1_11' title="bbox 180 1288 1186 1375; baseline 0.003 -24"><span class='ocrx_word' id='word_1_64' title='bbox 180 1292 317 1370; x_wconf 81' lang='lat' dir='ltr'>nupserit</span> <span class='ocrx_word' id='word_1_65' title='bbox 339 1293 430 1352; x_wconf 81' lang='lat' dir='ltr'>alicui</span> <span class='ocrx_word' id='word_1_66' title='bbox 453 1296 507 1352; x_wconf 87' lang='lat' dir='ltr'>aut</span> <span class='ocrx_word' id='word_1_67' title='bbox 526 1294 564 1351; x_wconf 88' lang='lat' dir='ltr'>ad</span> <span class='ocrx_word' id='word_1_68' title='bbox 581 1293 712 1352; x_wconf 88' lang='lat' dir='ltr'>Icarium</span> <span class='ocrx_word' id='word_1_69' title='bbox 730 1297 846 1370; x_wconf 87' lang='lat' dir='ltr'>patrem</span> <span class='ocrx_word' id='word_1_70' title='bbox 868 1296 971 1355; x_wconf 87' lang='lat' dir='ltr'>redeat</span> <span class='ocrx_word' id='word_1_71' title='bbox 995 1288 1186 1375; x_wconf 77' lang='lat'>(80-128).</span> 
     </span>
     <span class='ocr_line' id='line_1_12' title="bbox 180 1382 1212 1465; baseline 0.002 -24"><span class='ocrx_word' id='word_1_72' title='bbox 180 1382 382 1457; x_wconf 85' lang='lat' dir='ltr'>Respondenti</span> <span class='ocrx_word' id='word_1_73' title='bbox 405 1382 580 1441; x_wconf 79' lang='lat' dir='ltr'>Telemacho</span> <span class='ocrx_word' id='word_1_74' title='bbox 605 1385 635 1440; x_wconf 88' lang='lat' dir='ltr'>et</span> <span class='ocrx_word' id='word_1_75' title='bbox 657 1382 779 1441; x_wconf 90' lang='lat' dir='ltr'>turbam</span> <span class='ocrx_word' id='word_1_76' title='bbox 805 1383 892 1443; x_wconf 94' lang='lat' dir='ltr'>domo</span> <span class='ocrx_word' id='word_1_77' title='bbox 920 1384 1057 1443; x_wconf 78' lang='lat' dir='ltr'>excedere</span> <span class='ocrx_word' id='word_1_78' title='bbox 1085 1385 1212 1465; x_wconf 76' lang='lat' dir='ltr'>aperte</span> 
     </span>
     <span class='ocr_line' id='line_1_13' title="bbox 180 1469 1187 1549; baseline 0.002 -21"><span class='ocrx_word' id='word_1_79' title='bbox 180 1469 297 1529; x_wconf 87' lang='lat' dir='ltr'>iubenti</span> <span class='ocrx_word' id='word_1_80' title='bbox 325 1469 446 1546; x_wconf 87' lang='lat' dir='ltr'>aquilae</span> <span class='ocrx_word' id='word_1_81' title='bbox 473 1471 728 1545; x_wconf 88' lang='lat' dir='ltr'>praetervolantes</span> <span class='ocrx_word' id='word_1_82' title='bbox 756 1471 924 1547; x_wconf 89' lang='lat' dir='ltr'>auspicium</span> <span class='ocrx_word' id='word_1_83' title='bbox 951 1472 1080 1549; x_wconf 86' lang='lat' dir='ltr'>faciunt,</span> <span class='ocrx_word' id='word_1_84' title='bbox 1107 1472 1187 1549; x_wconf 91' lang='lat' dir='ltr'>quod</span> 
     </span>
     <span class='ocr_line' id='line_1_14' title="bbox 179 1557 1188 1634; baseline 0.002 -18"><span class='ocrx_word' id='word_1_85' title='bbox 179 1557 347 1617; x_wconf 86' lang='lat' dir='ltr'>infaustum</span> <span class='ocrx_word' id='word_1_86' title='bbox 377 1557 474 1634; x_wconf 88' lang='lat' dir='ltr'>procis</span> <span class='ocrx_word' id='word_1_87' title='bbox 501 1558 716 1634; x_wconf 83' lang='lat' dir='ltr'>interpretatus</span> <span class='ocrx_word' id='word_1_88' title='bbox 743 1562 828 1619; x_wconf 83' lang='lat' dir='ltr'>vates</span> <span class='ocrx_word' id='word_1_89' title='bbox 855 1560 1041 1619; x_wconf 83' lang='lat' dir='ltr'>Halitherses</span> <span class='ocrx_word' id='word_1_90' title='bbox 1072 1560 1188 1620; x_wconf 85' lang='lat' dir='ltr'>ridetur</span> 
     </span>
     <span class='ocr_line' id='line_1_15' title="bbox 181 1641 1186 1723; baseline 0.003 -17"><span class='ocrx_word' id='word_1_91' title='bbox 181 1647 218 1706; x_wconf 85' lang='lat' dir='ltr'>ab</span> <span class='ocrx_word' id='word_1_92' title='bbox 241 1646 430 1723; x_wconf 73' lang='lat' dir='ltr'>Eurymacho</span> <span class='ocrx_word' id='word_1_93' title='bbox 455 1641 667 1723; x_wconf 80' lang='lat'>(129-207).</span> <span class='ocrx_word' id='word_1_94' title='bbox 712 1647 762 1706; x_wconf 85' lang='lat' dir='ltr'>Ita</span> <span class='ocrx_word' id='word_1_95' title='bbox 789 1667 857 1707; x_wconf 89' lang='lat' dir='ltr'>cum</span> <span class='ocrx_word' id='word_1_96' title='bbox 884 1648 961 1706; x_wconf 89' lang='lat' dir='ltr'>nihil</span> <span class='ocrx_word' id='word_1_97' title='bbox 984 1649 1122 1709; x_wconf 86' lang='lat' dir='ltr'>effectum</span> <span class='ocrx_word' id='word_1_98' title='bbox 1143 1648 1186 1708; x_wconf 89' lang='lat' dir='ltr'>vi·</span> 
     </span>
    </p>
   </div>
   <div class='ocr_carea' id='block_1_7' title="bbox 179 1734 1315 1815">
    <p class='ocr_par' dir='ltr' id='par_1_7' title="bbox 179 1734 1315 1815">
     <span class='ocr_line' id='line_1_16' title="bbox 179 1734 1315 1815; baseline 0.001 -21"><span class='ocrx_word' id='word_1_99' title='bbox 179 1735 231 1794; x_wconf 93' lang='lat' dir='ltr'>det</span> <span class='ocrx_word' id='word_1_100' title='bbox 258 1734 451 1795; x_wconf 84' lang='lat' dir='ltr'>altereatione</span> <span class='ocrx_word' id='word_1_101' title='bbox 480 1737 646 1813; x_wconf 87' lang='lat' dir='ltr'>protracta,</span> <span class='ocrx_word' id='word_1_102' title='bbox 675 1735 791 1795; x_wconf 84' lang='lat' dir='ltr'>iuvenis</span> <span class='ocrx_word' id='word_1_103' title='bbox 818 1756 926 1795; x_wconf 91' lang='lat' dir='ltr'>navem</span> <span class='ocrx_word' id='word_1_104' title='bbox 951 1738 1101 1815; x_wconf 80' lang='lat' dir='ltr'>postulat,</span> <span class='ocrx_word' id='word_1_105' title='bbox 1126 1756 1187 1813; x_wconf 85' lang='lat' dir='ltr'>qua</span> <span class='ocrx_word' id='word_1_106' title='bbox 1311 1737 1315 1747; x_wconf 83' lang='grc'><strong>“</strong></span> 
     </span>
    </p>
   </div>
   <div class='ocr_carea' id='block_1_8' title="bbox 179 1823 1187 1994">
    <p class='ocr_par' dir='ltr' id='par_1_8' title="bbox 179 1823 1187 1994">
     <span class='ocr_line' id='line_1_17' title="bbox 180 1823 1187 1902; baseline 0.004 -22"><span class='ocrx_word' id='word_1_107' title='bbox 180 1823 290 1899; x_wconf 85' lang='lat' dir='ltr'>Pylum</span> <span class='ocrx_word' id='word_1_108' title='bbox 319 1825 350 1882; x_wconf 91' lang='lat' dir='ltr'>et</span> <span class='ocrx_word' id='word_1_109' title='bbox 377 1823 517 1901; x_wconf 83' lang='lat' dir='ltr'>Spartam</span> <span class='ocrx_word' id='word_1_110' title='bbox 543 1824 672 1883; x_wconf 83' lang='lat' dir='ltr'>vehatur</span> <span class='ocrx_word' id='word_1_111' title='bbox 697 1826 907 1900; x_wconf 85' lang='lat' dir='ltr'>percontatum</span> <span class='ocrx_word' id='word_1_112' title='bbox 938 1825 973 1884; x_wconf 87' lang='lat' dir='ltr'>de</span> <span class='ocrx_word' id='word_1_113' title='bbox 1005 1828 1104 1902; x_wconf 82' lang='lat' dir='ltr'>patre3</span> <span class='ocrx_word' id='word_1_114' title='bbox 1135 1825 1187 1884; x_wconf 88' lang='lat' dir='ltr'>sed</span> 
     </span>
     <span class='ocr_line' id='line_1_18' title="bbox 179 1906 1186 1994; baseline 0.004 -25"><span class='ocrx_word' id='word_1_115' title='bbox 179 1910 300 1970; x_wconf 80' lang='lat' dir='ltr'>irrisum</span> <span class='ocrx_word' id='word_1_116' title='bbox 318 1912 374 1972; x_wconf 86' lang='lat' dir='ltr'>hac</span> <span class='ocrx_word' id='word_1_117' title='bbox 393 1931 512 1989; x_wconf 88' lang='lat' dir='ltr'>quoque</span> <span class='ocrx_word' id='word_1_118' title='bbox 531 1930 583 1988; x_wconf 88' lang='lat' dir='ltr'>spe</span> <span class='ocrx_word' id='word_1_119' title='bbox 601 1912 767 1970; x_wconf 85' lang='lat' dir='ltr'>frustratur</span> <span class='ocrx_word' id='word_1_120' title='bbox 784 1912 931 1972; x_wconf 87' lang='lat' dir='ltr'>dissoluta</span> <span class='ocrx_word' id='word_1_121' title='bbox 948 1913 1047 1973; x_wconf 89' lang='lat' dir='ltr'>contio</span> <span class='ocrx_word' id='word_1_122' title='bbox 1063 1906 1186 1994; x_wconf 81' lang='lat'>(208-</span> 
     </span>
    </p>
   </div>
   <div class='ocr_carea' id='block_1_9' title="bbox 181 1995 1316 2080">
    <p class='ocr_par' dir='ltr' id='par_1_9' title="bbox 181 1995 1316 2080">
     <span class='ocr_line' id='line_1_19' title="bbox 181 1995 1316 2080; baseline 0.002 -21"><span class='ocrx_word' id='word_1_123' title='bbox 181 1995 267 2079; x_wconf 79' lang='lat'>259).</span> <span class='ocrx_word' id='word_1_124' title='bbox 312 1999 385 2060; x_wconf 88' lang='lat' dir='ltr'>Inde</span> <span class='ocrx_word' id='word_1_125' title='bbox 416 2000 448 2059; x_wconf 91' lang='lat' dir='ltr'>iu</span> <span class='ocrx_word' id='word_1_126' title='bbox 480 2000 566 2060; x_wconf 89' lang='lat' dir='ltr'>litore</span> <span class='ocrx_word' id='word_1_127' title='bbox 599 2000 681 2059; x_wconf 89' lang='lat' dir='ltr'>solus</span> <span class='ocrx_word' id='word_1_128' title='bbox 711 2005 872 2059; x_wconf 88' lang='lat' dir='ltr'>veneratur</span> <span class='ocrx_word' id='word_1_129' title='bbox 898 2002 1076 2080; x_wconf 86' lang='lat' dir='ltr'>Minervam,</span> <span class='ocrx_word' id='word_1_130' title='bbox 1109 2021 1186 2079; x_wconf 85' lang='lat' dir='ltr'>quae</span> <span class='ocrx_word' id='word_1_131' title='bbox 1308 2012 1316 2035; x_wconf 77' lang='lat'><em>‘</em></span> 
     </span>
    </p>
   </div>
   <div class='ocr_carea' id='block_1_10' title="bbox 178 2086 1187 2520">
    <p class='ocr_par' dir='ltr' id='par_1_10' title="bbox 178 2086 1187 2520">
     <span class='ocr_line' id='line_1_20' title="bbox 179 2086 1187 2165; baseline 0 -18"><span class='ocrx_word' id='word_1_132' title='bbox 179 2086 322 2148; x_wconf 87' lang='lat' dir='ltr'>Mentoris</span> <span class='ocrx_word' id='word_1_133' title='bbox 345 2088 501 2148; x_wconf 83' lang='lat' dir='ltr'>cuiusdam</span> <span class='ocrx_word' id='word_1_134' title='bbox 524 2087 619 2165; x_wconf 89' lang='lat' dir='ltr'>specie</span> <span class='ocrx_word' id='word_1_135' title='bbox 644 2089 766 2147; x_wconf 87' lang='lat' dir='ltr'>adstans</span> <span class='ocrx_word' id='word_1_136' title='bbox 785 2088 812 2148; x_wconf 89' lang='lat' dir='ltr'>ei</span> <span class='ocrx_word' id='word_1_137' title='bbox 830 2089 1009 2149; x_wconf 78' lang='lat' dir='ltr'>instructam</span> <span class='ocrx_word' id='word_1_138' title='bbox 1026 2109 1134 2150; x_wconf 84' lang='lat' dir='ltr'>navem</span> <span class='ocrx_word' id='word_1_139' title='bbox 1156 2091 1187 2149; x_wconf 89' lang='lat' dir='ltr'>et</span> 
     </span>
     <span class='ocr_line' id='line_1_21' title="bbox 180 2171 1185 2258; baseline 0.001 -22"><span class='ocrx_word' id='word_1_140' title='bbox 180 2177 320 2253; x_wconf 87' lang='lat' dir='ltr'>seipsam</span> <span class='ocrx_word' id='word_1_141' title='bbox 335 2177 536 2256; x_wconf 82' lang='lat' dir='ltr'>navigationis</span> <span class='ocrx_word' id='word_1_142' title='bbox 551 2176 691 2237; x_wconf 84' lang='lat' dir='ltr'>comitem</span> <span class='ocrx_word' id='word_1_143' title='bbox 704 2177 864 2253; x_wconf 89' lang='lat' dir='ltr'>pollicetur</span> <span class='ocrx_word' id='word_1_144' title='bbox 878 2171 1093 2258; x_wconf 78' lang='lat'>(260-295).</span> <span class='ocrx_word' id='word_1_145' title='bbox 1119 2178 1185 2237; x_wconf 85' lang='lat' dir='ltr'>Sta-</span> 
     </span>
     <span class='ocr_line' id='line_1_22' title="bbox 179 2265 1187 2341; baseline 0.001 -17"><span class='ocrx_word' id='word_1_146' title='bbox 179 2265 236 2325; x_wconf 89' lang='lat' dir='ltr'>tim</span> <span class='ocrx_word' id='word_1_147' title='bbox 263 2265 384 2325; x_wconf 87' lang='lat' dir='ltr'>domum</span> <span class='ocrx_word' id='word_1_148' title='bbox 412 2284 547 2325; x_wconf 83' lang='lat' dir='ltr'>reversus</span> <span class='ocrx_word' id='word_1_149' title='bbox 575 2265 755 2341; x_wconf 82' lang='lat' dir='ltr'>Eurycleam</span> <span class='ocrx_word' id='word_1_150' title='bbox 781 2285 918 2341; x_wconf 85' lang='lat' dir='ltr'>promam</span> <span class='ocrx_word' id='word_1_151' title='bbox 944 2266 1057 2325; x_wconf 84' lang='lat' dir='ltr'>cibaria</span> <span class='ocrx_word' id='word_1_152' title='bbox 1085 2266 1187 2325; x_wconf 87' lang='lat' dir='ltr'>itineri</span> 
     </span>
     <span class='ocr_line' id='line_1_23' title="bbox 178 2347 1187 2431; baseline 0.001 -18"><span class='ocrx_word' id='word_1_153' title='bbox 178 2373 285 2431; x_wconf 87' lang='lat' dir='ltr'>parare</span> <span class='ocrx_word' id='word_1_154' title='bbox 307 2353 393 2412; x_wconf 92' lang='lat' dir='ltr'>iubet</span> <span class='ocrx_word' id='word_1_155' title='bbox 414 2353 508 2412; x_wconf 87' lang='lat' dir='ltr'>inscia</span> <span class='ocrx_word' id='word_1_156' title='bbox 530 2356 625 2412; x_wconf 84' lang='lat' dir='ltr'>matre</span> <span class='ocrx_word' id='word_1_157' title='bbox 646 2347 858 2431; x_wconf 71' lang='lat' dir='ltr'>(rec—381),</span> <span class='ocrx_word' id='word_1_158' title='bbox 877 2354 1013 2415; x_wconf 83' lang='lat' dir='ltr'>Minerva</span> <span class='ocrx_word' id='word_1_159' title='bbox 1031 2357 1133 2414; x_wconf 86' lang='lat' dir='ltr'>autem</span> <span class='ocrx_word' id='word_1_160' title='bbox 1151 2374 1187 2414; x_wconf 84' lang='lat' dir='ltr'>ex</span> 
     </span>
     <span class='ocr_line' id='line_1_24' title="bbox 179 2441 1187 2520; baseline -0.002 -17"><span class='ocrx_word' id='word_1_161' title='bbox 179 2442 291 2518; x_wconf 88' lang='lat' dir='ltr'>populo</span> <span class='ocrx_word' id='word_1_162' title='bbox 320 2441 414 2501; x_wconf 86' lang='lat' dir='ltr'>socios</span> <span class='ocrx_word' id='word_1_163' title='bbox 446 2441 575 2519; x_wconf 82' lang='lat' dir='ltr'>colligit,</span> <span class='ocrx_word' id='word_1_164' title='bbox 605 2441 735 2517; x_wconf 81' lang='lat' dir='ltr'>navique</span> <span class='ocrx_word' id='word_1_165' title='bbox 763 2442 800 2501; x_wconf 90' lang='lat' dir='ltr'>ab</span> <span class='ocrx_word' id='word_1_166' title='bbox 827 2443 980 2503; x_wconf 72' lang='lat' dir='ltr'>Notmone</span> <span class='ocrx_word' id='word_1_167' title='bbox 1008 2446 1130 2520; x_wconf 86' lang='lat' dir='ltr'>accepta</span> <span class='ocrx_word' id='word_1_168' title='bbox 1156 2445 1187 2502; x_wconf 94' lang='lat' dir='ltr'>et</span> 
     </span>
    </p>
   </div>
   <div class='ocr_carea' id='block_1_11' title="bbox 179 2522 1106 2612">
    <p class='ocr_par' dir='ltr' id='par_1_11' title="bbox 179 2522 1106 2612">
     <span class='ocr_line' id='line_1_25' title="bbox 179 2522 1106 2612; baseline 0.002 -23"><span class='ocrx_word' id='word_1_169' title='bbox 179 2530 308 2589; x_wconf 88' lang='lat' dir='ltr'>deducta</span> <span class='ocrx_word' id='word_1_170' title='bbox 330 2529 417 2588; x_wconf 86' lang='lat' dir='ltr'>ambo</span> <span class='ocrx_word' id='word_1_171' title='bbox 439 2529 555 2606; x_wconf 82' lang='lat' dir='ltr'>vesperi</span> <span class='ocrx_word' id='word_1_172' title='bbox 578 2529 701 2589; x_wconf 85' lang='lat' dir='ltr'>solvunt</span> <span class='ocrx_word' id='word_1_173' title='bbox 723 2549 758 2588; x_wconf 88' lang='lat' dir='ltr'>ex</span> <span class='ocrx_word' id='word_1_174' title='bbox 780 2533 871 2605; x_wconf 86' lang='lat' dir='ltr'>portu</span> <span class='ocrx_word' id='word_1_175' title='bbox 894 2522 1106 2612; x_wconf 80' lang='lat'>(382-434).</span> 
     </span>
    </p>
   </div>
   <div class='ocr_carea' id='block_1_12' title="bbox 655 2734 713 2799">
    <p class='ocr_par' dir='ltr' id='par_1_12' title="bbox 655 2734 713 2799">
     <span class='ocr_line' id='line_1_26' title="bbox 655 2734 713 2799; baseline 0 0"><span class='ocrx_word' id='word_1_176' title='bbox 655 2734 713 2799; x_wconf 76' lang='lat' dir='ltr'>III</span> 
     </span>
    </p>
   </div>
   <div class='ocr_carea' id='block_1_13' title="bbox 180 2846 1189 3632">
    <p class='ocr_par' dir='ltr' id='par_1_13' title="bbox 180 2846 1189 3632">
     <span class='ocr_line' id='line_1_27' title="bbox 246 2846 1186 2907; baseline 0.002 -3"><span class='ocrx_word' id='word_1_177' title='bbox 246 2846 456 2905; x_wconf 77' lang='lat' dir='ltr'>Telemachum</span> <span class='ocrx_word' id='word_1_178' title='bbox 487 2864 555 2904; x_wconf 89' lang='lat' dir='ltr'>cum</span> <span class='ocrx_word' id='word_1_179' title='bbox 584 2846 719 2905; x_wconf 86' lang='lat' dir='ltr'>Minerva</span> <span class='ocrx_word' id='word_1_180' title='bbox 748 2846 955 2906; x_wconf 82' lang='lat' dir='ltr'>advenientem</span> <span class='ocrx_word' id='word_1_181' title='bbox 986 2847 1110 2907; x_wconf 88' lang='lat' dir='ltr'>comiter</span> <span class='ocrx_word' id='word_1_182' title='bbox 1138 2867 1186 2906; x_wconf 87' lang='lat' dir='ltr'>ex-</span> 
     </span>
     <span class='ocr_line' id='line_1_28' title="bbox 180 2934 1188 3013; baseline 0 -18"><span class='ocrx_word' id='word_1_183' title='bbox 180 2934 255 3013; x_wconf 91' lang='lat' dir='ltr'>cipit</span> <span class='ocrx_word' id='word_1_184' title='bbox 281 2934 402 3013; x_wconf 85' lang='lat' dir='ltr'>Nestor,</span> <span class='ocrx_word' id='word_1_185' title='bbox 432 2953 500 2993; x_wconf 94' lang='lat' dir='ltr'>cum</span> <span class='ocrx_word' id='word_1_186' title='bbox 531 2934 658 2994; x_wconf 87' lang='lat' dir='ltr'>maxime</span> <span class='ocrx_word' id='word_1_187' title='bbox 690 2935 722 2993; x_wconf 89' lang='lat' dir='ltr'>in</span> <span class='ocrx_word' id='word_1_188' title='bbox 754 2935 840 2995; x_wconf 89' lang='lat' dir='ltr'>litore</span> <span class='ocrx_word' id='word_1_189' title='bbox 873 2935 1001 3010; x_wconf 84' lang='lat' dir='ltr'>publicis</span> <span class='ocrx_word' id='word_1_190' title='bbox 1033 2935 1129 3011; x_wconf 88' lang='lat' dir='ltr'>epulis</span> <span class='ocrx_word' id='word_1_191' title='bbox 1156 2938 1188 2995; x_wconf 89' lang='lat' dir='ltr'>et</span> 
     </span>
     <span class='ocr_line' id='line_1_29' title="bbox 180 3016 1186 3102; baseline 0.001 -19"><span class='ocrx_word' id='word_1_192' title='bbox 180 3022 271 3084; x_wconf 85' lang='lat' dir='ltr'>sacris</span> <span class='ocrx_word' id='word_1_193' title='bbox 302 3022 443 3099; x_wconf 87' lang='lat' dir='ltr'>Neptuno</span> <span class='ocrx_word' id='word_1_194' title='bbox 475 3022 618 3081; x_wconf 75' lang='lat' dir='ltr'>faciendis</span> <span class='ocrx_word' id='word_1_195' title='bbox 650 3026 814 3099; x_wconf 85' lang='lat' dir='ltr'>occupatus</span> <span class='ocrx_word' id='word_1_196' title='bbox 852 3016 998 3102; x_wconf 18' lang='lat' dir='ltr'>ixl—74).</span> <span class='ocrx_word' id='word_1_197' title='bbox 1054 3023 1085 3083; x_wconf 89' lang='lat' dir='ltr'>Is</span> <span class='ocrx_word' id='word_1_198' title='bbox 1116 3043 1186 3084; x_wconf 84' lang='lat' dir='ltr'>vero</span> 
     </span>
     <span class='ocr_line' id='line_1_30' title="bbox 180 3111 1187 3189; baseline 0 -18"><span class='ocrx_word' id='word_1_199' title='bbox 180 3112 364 3172; x_wconf 80' lang='lat' dir='ltr'>adulescenti</span> <span class='ocrx_word' id='word_1_200' title='bbox 390 3111 426 3171; x_wconf 88' lang='lat' dir='ltr'>de</span> <span class='ocrx_word' id='word_1_201' title='bbox 453 3113 539 3187; x_wconf 83' lang='lat' dir='ltr'>patre</span> <span class='ocrx_word' id='word_1_202' title='bbox 567 3111 730 3171; x_wconf 75' lang='lat' dir='ltr'>sciscitanti</span> <span class='ocrx_word' id='word_1_203' title='bbox 757 3112 833 3169; x_wconf 91' lang='lat' dir='ltr'>nihil</span> <span class='ocrx_word' id='word_1_204' title='bbox 855 3111 926 3171; x_wconf 86' lang='lat' dir='ltr'>novi</span> <span class='ocrx_word' id='word_1_205' title='bbox 948 3113 1052 3189; x_wconf 87' lang='lat' dir='ltr'>refert,</span> <span class='ocrx_word' id='word_1_206' title='bbox 1076 3112 1187 3188; x_wconf 87' lang='lat' dir='ltr'>quippe</span> 
     </span>
     <span class='ocr_line' id='line_1_31' title="bbox 181 3199 1187 3277; baseline -0.003 -16"><span class='ocrx_word' id='word_1_207' title='bbox 181 3200 314 3261; x_wconf 90' lang='lat' dir='ltr'>omnium</span> <span class='ocrx_word' id='word_1_208' title='bbox 341 3199 424 3259; x_wconf 85' lang='lat' dir='ltr'>illius</span> <span class='ocrx_word' id='word_1_209' title='bbox 451 3218 552 3258; x_wconf 82' lang='lat' dir='ltr'>rerum</span> <span class='ocrx_word' id='word_1_210' title='bbox 573 3200 710 3277; x_wconf 66' lang='lat' dir='ltr'>ignarum</span> <span class='ocrx_word' id='word_1_211' title='bbox 740 3200 791 3259; x_wconf 86' lang='lat' dir='ltr'>sed</span> <span class='ocrx_word' id='word_1_212' title='bbox 814 3200 886 3275; x_wconf 88' lang='lat' dir='ltr'>quid</span> <span class='ocrx_word' id='word_1_213' title='bbox 910 3200 1020 3260; x_wconf 86' lang='lat' dir='ltr'>sibiet</span> <span class='ocrx_word' id='word_1_214' title='bbox 1043 3200 1110 3259; x_wconf 88' lang='lat' dir='ltr'>aliis</span> <span class='ocrx_word' id='word_1_215' title='bbox 1133 3201 1187 3258; x_wconf 93' lang='lat' dir='ltr'>du·</span> 
     </span>
     <span class='ocr_line' id='line_1_32' title="bbox 181 3287 1189 3367; baseline -0.003 -17"><span class='ocrx_word' id='word_1_216' title='bbox 181 3288 263 3350; x_wconf 85' lang='lat' dir='ltr'>cibus</span> <span class='ocrx_word' id='word_1_217' title='bbox 286 3289 470 3349; x_wconf 82' lang='lat' dir='ltr'>Achivorum</span> <span class='ocrx_word' id='word_1_218' title='bbox 496 3288 528 3346; x_wconf 91' lang='lat' dir='ltr'>in</span> <span class='ocrx_word' id='word_1_219' title='bbox 559 3288 659 3347; x_wconf 90' lang='lat' dir='ltr'>reditu</span> <span class='ocrx_word' id='word_1_220' title='bbox 690 3289 728 3346; x_wconf 83' lang='lat' dir='ltr'>ab</span> <span class='ocrx_word' id='word_1_221' title='bbox 755 3287 868 3349; x_wconf 85' lang='lat' dir='ltr'>excidio</span> <span class='ocrx_word' id='word_1_222' title='bbox 896 3288 946 3347; x_wconf 89' lang='lat' dir='ltr'>Ilii</span> <span class='ocrx_word' id='word_1_223' title='bbox 973 3288 1126 3367; x_wconf 84' lang='lat' dir='ltr'>acciderit,</span> <span class='ocrx_word' id='word_1_224' title='bbox 1157 3291 1189 3347; x_wconf 89' lang='lat' dir='ltr'>et</span> 
     </span>
     <span class='ocr_line' id='line_1_33' title="bbox 181 3371 1186 3455; baseline 0 -18"><span class='ocrx_word' id='word_1_225' title='bbox 181 3378 234 3455; x_wconf 82' lang='lat' dir='ltr'>qui</span> <span class='ocrx_word' id='word_1_226' title='bbox 257 3397 293 3437; x_wconf 87' lang='lat' dir='ltr'>ex</span> <span class='ocrx_word' id='word_1_227' title='bbox 313 3376 375 3436; x_wconf 87' lang='lat' dir='ltr'>illis</span> <span class='ocrx_word' id='word_1_228' title='bbox 398 3376 520 3435; x_wconf 91' lang='lat' dir='ltr'>domum</span> <span class='ocrx_word' id='word_1_229' title='bbox 542 3375 731 3453; x_wconf 85' lang='lat' dir='ltr'>reverterint,</span> <span class='ocrx_word' id='word_1_230' title='bbox 761 3376 921 3454; x_wconf 83' lang='lat' dir='ltr'>diligenter</span> <span class='ocrx_word' id='word_1_231' title='bbox 943 3379 1064 3436; x_wconf 83' lang='lat' dir='ltr'>enarrat</span> <span class='ocrx_word' id='word_1_232' title='bbox 1086 3371 1186 3455; x_wconf 78' lang='lat'>(75-</span> 
     </span>
     <span class='ocr_line' id='line_1_34' title="bbox 182 3457 1187 3547; baseline -0.002 -22"><span class='ocrx_word' id='word_1_233' title='bbox 182 3457 275 3547; x_wconf 80' lang='lat'><strong>200);</strong></span> <span class='ocrx_word' id='word_1_234' title='bbox 297 3468 364 3525; x_wconf 90' lang='lat' dir='ltr'>tum</span> <span class='ocrx_word' id='word_1_235' title='bbox 386 3463 508 3524; x_wconf 84' lang='lat' dir='ltr'>monitis</span> <span class='ocrx_word' id='word_1_236' title='bbox 529 3464 674 3540; x_wconf 88' lang='lat' dir='ltr'>bonisque</span> <span class='ocrx_word' id='word_1_237' title='bbox 693 3464 842 3523; x_wconf 89' lang='lat' dir='ltr'>ominibus</span> <span class='ocrx_word' id='word_1_238' title='bbox 861 3465 899 3524; x_wconf 86' lang='lat' dir='ltr'>ad</span> <span class='ocrx_word' id='word_1_239' title='bbox 917 3464 1102 3525; x_wconf 84' lang='lat' dir='ltr'>ulciscendas</span> <span class='ocrx_word' id='word_1_240' title='bbox 1119 3484 1187 3543; x_wconf 91' lang='lat' dir='ltr'>pro-</span> 
     </span>
     <span class='ocr_line' id='line_1_35' title="bbox 181 3552 1188 3632; baseline -0.003 -17"><span class='ocrx_word' id='word_1_241' title='bbox 181 3573 286 3616; x_wconf 88' lang='lat' dir='ltr'>corum</span> <span class='ocrx_word' id='word_1_242' title='bbox 309 3553 434 3613; x_wconf 85' lang='lat' dir='ltr'>iniurias</span> <span class='ocrx_word' id='word_1_243' title='bbox 458 3552 629 3631; x_wconf 86' lang='lat' dir='ltr'>excitatum,</span> <span class='ocrx_word' id='word_1_244' title='bbox 652 3555 818 3613; x_wconf 89' lang='lat' dir='ltr'>memorata</span> <span class='ocrx_word' id='word_1_245' title='bbox 841 3554 933 3613; x_wconf 89' lang='lat' dir='ltr'>etiam</span> <span class='ocrx_word' id='word_1_246' title='bbox 955 3554 1188 3632; x_wconf 80' lang='lat' dir='ltr'>Agamemnonis</span> 
     </span>
    </p>
   </div>
   <div class='ocr_carea' id='block_1_14' title="bbox 0 0 1326 3917">
    <p class='ocr_par' dir='ltr' id='par_1_14' title="bbox 0 0 1326 3917">
     <span class='ocr_line' id='line_1_36' title="bbox 0 0 1326 3917; baseline 0 0"><span class='ocrx_word' id='word_1_247' title='bbox 0 0 1326 3917; x_wconf 95' lang='lat' dir='ltr'> </span> 
     </span>
    </p>
   </div>
  </div>
 </body>
</html>
