2642 3917
516 206 724 258 ΟΔΤΣΣΕΙΑΣ
741 209 803 259 XII.
1068 205 1129 268 197

121 357 185 412 νῦν
209 345 239 413 δ’
267 345 377 431 ἄγεθ’,
400 349 445 425 ὡς
468 347 510 412 άν
533 347 596 431 ἐγὼ
620 355 716 430 είπω,
739 350 935 433 πειθώμεθα
958 349 1085 426 πάντες.

122 453 215 538 ὑμεῖς
237 450 297 538 μὲν
318 455 468 540 κώπῃσιν
491 453 569 532 ἀλὸς
593 454 736 539 ῥηγμῖνα
759 458 900 539 βαθεῖαν

122 559 257 625 τύπτετε
279 563 470 645 κληίδεσσιν
494 561 668 645 ἐφήμενοι,
692 567 731 626 αῖ
748 559 788 626 κε’
808 566 891 625 ποθι
915 563 999 636 Ζεύς
1079 577 1131 626 215

124 666 192 750 δύη
215 668 311 732 τόνδε
334 665 366 749 γ’
392 669 536 753 ὄλεθρον
558 665 780 751 ὑπεκφυγέειν
802 664 857 731 καὶ
881 665 1011 744 ἀλύξαι·

124 769 178 836 σοὶ
201 770 252 854 δέ,
276 771 471 859 κυβερνῆθ’,
495 768 554 839 ὧδ’
581 771 802 857 ἐπιτέλλομαι·
826 770 897 837 ἀλλ’
924 770 974 837 ἐνὶ
996 778 1096 860 θυμῷ

123 879 261 962 βάλλευ,
285 877 355 944 ἐπεὶ
378 881 457 963 νηὸς
479 885 653 966 γλαφυρῆς
676 882 766 964 οἰήια
788 887 909 966 νωμᾷς.

123 985 245 1049 τούτου
267 981 328 1069 μὲν
350 995 480 1051 καπνοῦ
503 984 558 1051 καὶ
579 987 724 1071 κύματος
747 985 838 1063 ἐκτὸς
860 988 952 1071 ἐεργε

124 1100 203 1174 νῆα,
227 1094 269 1157 σύ
292 1087 328 1157 δδ
352 1091 516 1158 σκοπέλου
538 1091 704 1177 ἐπιμαίεο,
727 1095 772 1177 μή
795 1109 832 1156 σε
855 1093 1000 1176 λάθησιν
1082 1107 1135 1154 220

125 1195 205 1261 κεῖσ’
232 1196 437 1281 ἐξορμήσασα
459 1196 513 1262 καὶ
538 1197 580 1275 ἐς,
593 1199 695 1264 κακὸν
719 1200 803 1282 ἀμμε
826 1198 1000 1282 βάλησθα.ι

170 1297 214 1379 ὧς
237 1301 382 1388 ἐφάμην,
406 1304 441 1369 οί
463 1302 494 1369 δ’
521 1300 589 1369 ὦκα
612 1303 703 1389 ἐμοῖς
725 1302 855 1370 ἐπέεσσι
876 1306 1028 1368 πίθοντο.

126 1409 282 1492 Σκύλλην
306 1407 336 1474 δ’
364 1407 470 1475 οὐκέτ’
497 1409 703 1494 ἐμυθεόμην,
727 1411 896 1494 ἀπρήκτον
919 1409 1031 1493 ἀνίην,

126 1517 170 1598 μή
193 1515 262 1591 πώς
285 1538 341 1597 μοι
365 1516 533 1592 δείσαντες
557 1514 776 1600 ἀπολλήξειαν
798 1512 922 1599 ἐταῖροι

127 1624 283 1707 εἰρεσίης,
306 1622 398 1698 ἐντὸς
422 1618 459 1688 δὲ
481 1622 657 1700 πυκάζοιεν
680 1621 783 1707 σφέας
806 1621 936 1697 αύτούς.
1084 1638 1136 1686 225

127 1725 182 1792 καὶ
204 1731 276 1794 τότε
301 1729 342 1812 δή
367 1730 492 1814 Κίρκης
514 1725 575 1812 μὲν
598 1727 812 1813 ἐφημοσύνης
835 1728 1005 1809 ἀλεγεινῆς

128 1836 361 1917 λανθανόμην,
385 1832 455 1898 ἐπεὶ
478 1834 520 1899 οὑ
543 1837 578 1898 τί
597 1831 631 1919 μ’
658 1835 779 1917 ἀνώγει
801 1835 1052 1917 θωρήσσεσθαι·

128 1941 232 2027 αύτάρ
256 1939 318 2024 ἐγὼ
342 1942 486 2016 καταδὺς
508 1942 610 2006 κλυτὰ
632 1942 748 2025 τεύχεα
771 1937 826 2005 καὶ
850 1939 912 2004 δύο
935 1940 1035 2025 δοῦρε

128 2045 225 2130 μάκρ’
253 2045 289 2112 ἐν
312 2044 425 2131 χερσὶν
449 2045 534 2112 ἑλὼν
562 2053 609 2124 εἰς
632 2053 721 2132 ίκρια
743 2047 824 2130 νηὸς
845 2047 980 2128 ἐβαινον

128 2154 273 2238 πρώρης·
296 2154 396 2217 ἔνθεν
415 2152 478 2237 γάρ
497 2176 554 2235 μιν
573 2150 715 2236 ἐδέγμην
732 2162 845 2238 πρῶτα
864 2157 1045 2235 φανεῖσθαι
1085 2169 1137 2218 230

129 2260 285 2341 Σὺιύλληυ
307 2260 479 2341 πετραίην,
503 2258 524 2340 ή
547 2282 603 2343 μοι
626 2258 707 2344 φέρε
730 2255 810 2342 πῆμ’
837 2256 1012 2343 ἑτάροισιν.

129 2363 211 2430 οὐδέ
231 2386 276 2448 πη
299 2364 444 2450 ἀθρῆσαι
468 2364 635 2448 δυνάμην,
659 2368 781 2449 ἔκαμον
804 2362 844 2429 δέ
864 2387 920 2448 μοι
943 2365 1021 2429 όσσε

129 2471 235 2554 πάντη
257 2472 474 2534 παπταίνοντι
496 2471 578 2554 πρὸς
600 2468 771 2554 ήεροειδέα
792 2467 925 2554 πέτρην.

172 2577 266 2660 ἡμεῖς
288 2572 349 2660 μὲν
372 2576 553 2640 στεινωπὸν
576 2575 777 2659 ἀνεπλέομεν
798 2577 975 2657 γοόωντες·

129 2686 230 2748 ἔνθεν
253 2678 314 2767 μὲν
336 2682 488 2765 ὣιύλλη,
512 2680 650 2767 ἑτέρωθι
674 2679 710 2747 δὲ
734 2683 789 2747 δῖα
813 2683 983 2766 Χάρυβδις
1088 2701 1139 2748 236

131 2790 243 2854 δεινὸν
266 2789 504 2873 ἀνερροίβδησε
527 2789 700 2872 θαλάσσης
723 2787 873 2873 ἁλμυρὸν
895 2788 997 2873 ύδωρ.

130 2889 150 2977 ή
173 2918 225 2960 τοι
248 2891 295 2959 ὅτ’
322 2893 496 2979 ἐξεμέσειε,
519 2895 617 2979 λέβης
640 2895 685 2971 ὣς
708 2895 744 2960 ἐν
767 2892 848 2979 πυρὶ
869 2899 981 2984 πολλῷ

131 2999 207 3066 πᾶσ’
235 3000 505 3086 ἀναμορμύρεσκε
528 3000 717 3086 κυκωμένη,
740 3001 845 3079 ὑψόσε
869 2998 899 3065 δ’
926 3002 1010 3086 ἄχνη

5 3189 6 3192 ¹
131 3108 261 3193 ἀκροισι
284 3105 494 3172 σκοπέλοισιν
517 3104 566 3172 ἐπ’
594 3106 832 3193 ἀμφοτέροισιν
854 3109 1001 3174 ἐπιπτεν·

131 3211 203 3279 ἀλλ’
230 3209 279 3278 ὅτ’
305 3211 496 3298 ἀναβρόξειε
519 3214 692 3297 θαλάσσης
714 3212 864 3299 ἁλμυρὸν
885 3213 993 3298 ὕδωρ,
1089 3230 1140 3278 240

131 3318 208 3385 πᾶσ’
235 3322 373 3386 ἔντοσθε
397 3320 541 3404 φάνεσκε
563 3318 752 3403 κυκωμένη,
776 3318 861 3404 ἀμφὶ
884 3316 921 3384 δὲ
943 3317 1045 3405 πέτρη

8 3447 9 3452 ’
131 3426 243 3492 δεινὸν
266 3425 474 3511 ἐβεβρύχειν,
497 3422 663 3509 ὑπένερθε
687 3421 724 3490 δὲ
746 3436 825 3508 γαῖα
848 3425 1014 3510 φάνεσκεν

8 3543 9 3598 3
130 3533 251 3620 ψάμμῳ
275 3530 412 3614 κυανέη·
435 3532 513 3606 τοὺς
537 3526 574 3595 δέ
596 3532 726 3616 χλωρὸν
750 3530 825 3608 δεός
848 3529 950 3616 ῆρειν.
