2642 3917
190 200 253 264 176
555 204 764 256 omnam:
783 204 818 256 Δ.

187 339 207 427 ή
230 346 266 409 τί
285 331 342 429 μοι
365 346 505 411 εἴδωλον
526 339 597 410 τόδ’
623 345 730 428 ἀγανὴ
755 347 984 431 Περσεφόνεια

187 443 322 534 ὤτρυν’,
346 443 423 535 ὄφρ’
449 452 497 516 ἐτι
519 454 646 534 μᾶλλον
669 449 873 535 ὀδυρόμενος
895 450 1100 533 στεναχίζωι
1226 468 1229 473 ·

232 549 277 631 ὧς
300 553 446 639 ἐφάμην,
467 554 489 638 ή
513 549 544 619 δ’
569 550 675 620 αὐτίκ’
701 555 852 641 ἀμείβετο
869 558 989 621 πότνια
1007 558 1127 642 μήτηρ·
1145 572 1198 622 215
1267 550 1270 560 ’

188 661 226 742 ,ἀν
251 683 324 744 μοι,
346 659 464 726 τέκνον
487 659 582 744 ἐμόν,
604 659 681 747 περὶ
703 663 837 728 πάντων
859 663 1006 747 κάμμορε
1029 671 1167 746 φωτῶν,

188 767 230 830 ού
252 769 288 830 τί
308 783 344 831 σε
369 770 599 851 Περσεφόνεια
625 768 709 844 Διὸς
730 770 883 853 θυγάτηρ
912 767 1106 851 ἀπαφίσκει,

188 866 259 935 ἀλλ’
285 871 368 956 αὕτη
392 872 468 955 δίκη
492 870 561 937 ἐστὶ
583 876 729 958 βροτῶν,
752 873 806 938 ὅτε
829 876 879 950 τίς
900 896 936 938 κε
959 874 1121 958 θάνῃσιν·

188 976 229 1042 οὐ
251 979 315 1063 γάρ
338 980 386 1043 ἐτι
409 979 533 1062 σάρκας
554 1002 589 1044 τε
612 976 668 1045 καλ
691 977 789 1045 ὀστέα
812 975 880 1056 ἶνες
901 982 1051 1062 ἔχουσιν,

187 1081 271 1149 ἀλλὰ
293 1085 333 1150 τὰ
354 1083 417 1176 μέν
439 1107 474 1150 τε
496 1086 601 1170 πυρὸς
623 1087 784 1171 κρατερὸν
807 1084 905 1169 μένος
927 1083 1123 1167 αόθομένοιο
1148 1102 1201 1150 220

187 1190 313 1279 δαμνᾷ,
337 1190 410 1256 ἐπεί
428 1214 465 1256 κε
487 1202 600 1277 πρῶτα
623 1194 702 1276 λίπη
726 1186 815 1256 λεύκ’
839 1188 937 1256 δστέα
959 1193 1084 1275 θυμός,
1148 1210 1150 1213 ·

187 1297 276 1380 ύνχή
301 1291 332 1361 δ’
357 1291 430 1380 ἠύτ’
456 1298 585 1383 όνειρος
608 1296 821 1382 ἀποπταμένη
844 1299 1031 1381 πεπότηται.

188 1401 271 1466 ἀλλὰ
293 1401 426 1486 φόωσδε
448 1402 584 1486 τάχιστα
607 1405 746 1467 λιλαίεο·
769 1411 871 1468 ταῦτα
895 1398 932 1467 δὲ
953 1403 1061 1467 πάντα

188 1499 273 1588 ἴσθ’,
296 1506 352 1572 ’ίνα
374 1506 430 1573 καὶ
452 1509 632 1591 μετόπισθε
655 1517 712 1594 τεῇ
735 1514 881 1593 είπησθα
902 1509 1058 1590 γυναικί.ι

232 1623 294 1677 νῶι
315 1609 377 1696 μὲν
400 1608 445 1690 ὥς
463 1612 614 1679 ἐπέεσσιν
632 1609 840 1699 ἀμειβόμεθ’,
864 1614 902 1678 αί
917 1609 954 1678 δέ
971 1624 1128 1695 γυναῖκες
1148 1630 1200 1678 226

189 1717 333 1800 ήλυθον,
356 1719 505 1803 ὤτρυνεν
526 1719 591 1804 γὰρ
614 1718 722 1802 ἀγαυή
743 1721 987 1805 Περσεφόνεια,

189 1823 286 1888 ὅσσαι
310 1822 476 1907 ἀριστήων
499 1825 614 1908 ἀλοχοι
637 1826 718 1912 ἐσαν
740 1819 800 1907 ήδδ
821 1825 996 1909 θύγατρες.

188 1928 226 1993 αί
246 1923 277 1993 δ’
303 1922 385 2013 ἀμφ’
410 1921 490 2013 αἷμα
512 1930 666 1995 κελαινὸν
689 1929 821 2005 ἀολλέες
843 1928 1063 2014 ήγερέθοντο,

188 2034 293 2118 αὐτὰρ
316 2034 380 2117 ἐγὼ
403 2035 578 2118 βούλευον,
605 2034 694 2111 ὅπως
717 2033 841 2120 ἐρέοιμι
864 2032 1013 2119 ἑκάστην.

188 2141 247 2223 ήδε
271 2140 311 2205 δέ
330 2164 387 2224 μοι
409 2141 491 2206 κατὰ
512 2142 626 2224 θυμὸν
648 2140 766 2227 ἀρίστη
790 2143 927 2225 φαίνετο
950 2145 1064 2227 βουλή.
1147 2160 1201 2208 230

189 2248 419 2330 σπασσάμενος
441 2247 601 2330 τανύηκες
624 2247 686 2331 ἀορ
709 2245 829 2329 παχέος
850 2248 939 2332 παρὰ
962 2258 1071 2333 μηροῦ

189 2351 250 2417 οὐκ
273 2358 351 2417 είων
373 2355 484 2416 πίνειν
505 2352 573 2436 ἀμα
595 2353 704 2429 πάσας
725 2344 805 2435 αἷμα
827 2355 990 2418 κελαινόν.

172 2458 227 2540 Ιαί
246 2454 283 2523 δέ
306 2469 547 2542 προμνηστῖναι
571 2458 726 2542 ἐπήισαν,
748 2454 808 2541 ήδέ
831 2456 950 2543 ἑκάστη

189 2564 229 2630 ὃν
251 2568 355 2647 γόνον
377 2565 584 2650 ἐξαγόρευεν·
608 2565 671 2648 ἐγὼ
696 2559 727 2630 δ’
753 2564 899 2650 ἐρέεινον
921 2565 1057 2644 ἁπάσας.

233 2666 306 2736 ἐνθ’
331 2667 352 2756 ή
375 2694 427 2737 τοι
449 2671 584 2756 πρώτην
610 2673 706 2757 Τυρὼ
731 2672 806 2737 ίδον
829 2671 1056 2758 εὐπατέρειαν,
1148 2690 1200 2738 235

188 2777 209 2860 ἢ
233 2778 319 2862 φάτο
342 2781 547 2862 Σαλμωνῆος
570 2777 740 2863 ἀμύμονος
762 2779 898 2860 ἔκγονος
921 2773 1022 2862 εἶναι,

189 2892 236 2968 φῆ
261 2880 297 2949 δὲ
321 2887 481 2969 Κρηθῆος
502 2885 588 2968 γυνή
612 2887 749 2969 ἔμμεναι
770 2884 948 2950 Αἰολίδαο·

189 2990 209 3073 ή
234 2999 384 3074 ποταμοῦ
406 2985 565 3075 ἠράσσατ’
587 2985 740 3074 Ἐνιπῆος
761 2993 886 3073 θείοιο,

190 3096 227 3173 ὃς
247 3099 334 3162 πολὺ
356 3097 530 3173 κάλλιστος
551 3109 708 3181 ποταμῶν
730 3094 784 3163 ἐπὶ
806 3107 906 3179 γαῖαν
928 3098 1035 3182 ἵησιν,

190 3205 248 3267 καί
268 3196 298 3286 ῤ’
323 3198 373 3268 ἐπ’
396 3197 547 3286 Ἐνιπῆος
569 3201 754 3269 πωλέσκετο
776 3204 861 3268 καλά
883 3200 1014 3290 ρέεθρα.
1148 3221 1202 3271 240

190 3309 235 3397 ’τῷ
259 3303 289 3373 δ’
315 3309 380 3394 ἀρα
402 3310 574 3392 εἰσάμενος
596 3311 752 3393 γαιήοχος
775 3307 982 3391 ἐννοσίγαιος

192 3415 228 3481 έν
250 3424 395 3500 προχοῇς
417 3425 566 3500 ποταμοῦ
589 3414 787 3501 παρελέξατο
810 3416 995 3498 δινήεντος·

191 3520 384 3605 πορφύρεον
407 3515 439 3585 δ’
465 3521 528 3606 ἀρα
551 3529 638 3605 κῦμα
660 3522 843 3606 περιστάθη
872 3521 967 3606 σύρει
989 3516 1078 3604 ἶσον,
