2642 3917
485 230 693 283 omnam:
711 233 759 285 τε.
1063 231 1125 296 131

121 366 166 450 ώς
188 366 321 458 ἀγόρευ’
347 371 510 458 όγέρων·
532 374 572 438 τά
596 370 636 438 δέ
655 397 714 439 κεν
736 375 817 451 θεὸς
839 373 860 458 ἣ
883 372 1044 440 τελέσειεν
1076 391 1129 441 σεο

120 479 141 560 ἥ
163 474 194 543 κ’
221 472 364 544 ἀτέλεστ’
386 483 453 563 είη,
476 479 521 556 ὥς
543 479 579 544 οί
598 481 701 564 φίλον
723 482 838 545 έπλετο
860 485 968 569 θυμῷ.

120 581 193 648 ἀλλ’
220 585 278 667 άγε
302 608 359 668 μοι
381 586 458 649 τόδε
482 580 551 650 είπὲ
573 583 629 650 καὶ
652 583 812 671 ἀτρεκέως
833 586 1027 669 κατάλεξον,

120 690 208 776 ὅππῃ
231 689 465 775 ἀπεπλάγχθης
485 712 520 755 τε
542 688 599 756 καὶ
620 691 659 767 ἀς
681 713 774 768 τινας
796 691 866 756 ίκεο
888 690 997 778 χώρας

121 795 326 883 ἀνθρώπων,
349 795 472 874 αὐτούς
494 819 529 862 τε
551 797 669 873 πόλιάς
690 791 720 861 τ’
746 795 784 862 ἐδ
806 797 1021 880 ναιετοώσας,

120 897 203 986 ἠμὲν
225 901 298 967 ὅσοι
319 904 459 985 χαλεποί
476 925 512 968 τε
533 900 590 968 καί
612 903 722 989 ἄγριοι
746 898 826 968 οὐδέ
849 904 987 986 δίκαιοι,
1078 916 1130 968 τεο

121 1008 157 1073 οί
175 1031 210 1074 τε
233 1008 430 1092 φιλόξεινοι,
452 1011 511 1073 καί
530 1025 613 1093 σφιν
634 1011 713 1086 νόος
736 1006 805 1074 ἐστὶ
827 1011 982 1092 θεουδής.

121 1109 191 1179 είπέ
209 1108 254 1197 δ’,
277 1113 328 1179 ὅτι
348 1117 472 1192 κλαίεις
489 1112 545 1180 καὶ
567 1113 703 1200 ὀδύρεαι
726 1117 845 1181 ἔνδοθι
867 1120 968 1202 θυμῷ

118 1219 274 1306 Ἀργείων
295 1224 442 1286 Δαναῶν
464 1217 518 1303 ἠδ’
541 1218 641 1285 Ἰλίου
665 1215 758 1286 οἶτον
781 1219 921 1286 ἀκούων.

121 1327 180 1391 τόν
202 1322 240 1391 δέ
261 1323 338 1391 θεοὶ
359 1323 420 1411 μὲν
441 1325 574 1410 τεῦξαν,
598 1325 826 1393 ἐπεκλώσαντο
844 1324 876 1391 δ’
902 1327 1047 1411 ὄλεθρον

122 1431 328 1518 ἀνθρώποις,
351 1432 407 1497 ἵνα
428 1423 485 1518 ᾖσι
507 1430 563 1497 καὶ
585 1430 815 1516 ἐσσομένοισιν
838 1431 943 1515 ἀοιδή.
1079 1446 1131 1496 500

122 1532 142 1620 ἦ
165 1541 215 1615 τίς
231 1561 283 1603 τοι
305 1536 360 1603 καὶ
382 1540 466 1622 πηὸς
489 1536 655 1622 ἀπέφθιτο
676 1532 793 1603 Ἰλιόθι
815 1539 879 1625 πρὸ

123 1642 243 1722 ἐσθλὸς
265 1643 344 1727 ἐών,
367 1646 513 1731 γαμβρὸς
535 1643 556 1728 ἦ
579 1646 756 1731 πευθερός;
781 1645 871 1711 οἵτε
893 1646 1034 1730 μάλιστα

122 1751 272 1833 κήδιστοι
294 1749 469 1842 τελέθουσι
492 1747 567 1835 μεθ’
594 1743 675 1835 αἷμά
695 1773 731 1816 τε
753 1748 809 1815 καὶ
831 1749 927 1833 γένος
949 1750 1068 1815 αὐτῶν.

123 1850 144 1938 ἦ
166 1859 216 1932 τίς
237 1878 303 1922 που
324 1854 381 1922 καί
403 1855 531 1943 ἑταῖρος
553 1855 637 1942 ἀνὴρ
660 1854 879 1941 κεχαρισμένα
901 1856 1013 1939 εἰδώς,

124 1959 257 2040 ἐσθλός;
282 1959 352 2027 ἐπεὶ
371 1962 412 2028 οὐ
435 1961 496 2047 μέν
518 1985 550 2026 τι
572 1964 784 2045 κασιγνήτοιο
807 1965 945 2048 χερείων
1079 1977 1131 2026 οεο

124 2069 285 2151 γίγνεται,
308 2067 345 2145 ὃς
361 2091 420 2134 κεν
443 2067 571 2153 ἑταῖρος
593 2066 658 2133 ἐὼν
681 2065 871 2151 πεπνυμένα
894 2067 998 2153 είδῇ.“

521 2298 734 2310 ——n—

434 2487 766 2565 ΟΔΤΣΣΕΙΑΣ
798 2491 828 2566 L

236 2748 434 2824 Ἀλκίυου
460 2748 686 2844 ἀπόλογοι.
737 2748 1008 2824 Κυκλώπεια.

171 2921 230 2987 τόν
249 2918 279 2985 δ’
301 2919 561 3004 ἀπαμειβόμενος
578 2917 729 3005 προσέφη
748 2919 929 3002 πολύμητις
944 2916 1133 2997 Ὀδυσσεύς·

129 3024 293 3110 ,Ἀλκίνοε
314 3035 443 3111 κρεῖον,
466 3026 600 3090 πάντων
623 3024 801 3111 ἀριδείκετε
825 3029 930 3108 λαῶν,

128 3130 148 3217 ἦ
171 3156 223 3199 τοι
245 3129 306 3218 μὲν
328 3133 404 3198 τόδε
426 3132 529 3196 καλὸν
551 3128 713 3214 ἀκουέμεν
736 3129 826 3195 ἐστίν
849 3129 967 3195 ἀοιδοῦ

128 3237 268 3323 τοιοῦδ’,
292 3230 362 3315 οἷος
384 3231 435 3303 ὅδ’
461 3236 544 3318 ἐστί,
566 3241 660 3312 θεοῖς
682 3235 867 3319 ἐναλίγκιος
889 3235 1004 3318 αὐδήν.

129 3345 171 3411 οῦ
193 3346 256 3431 γάρ
279 3344 342 3428 ἐγώ
365 3342 405 3428 γέ
424 3346 459 3408 τί
479 3366 564 3427 φημι
586 3340 679 3418 τέλος
700 3340 913 3427 χαριέστερον
935 3335 1021 3406 εἶναι
1117 3354 1133 3403 ε

129 3451 149 3534 ἦ
173 3448 221 3516 ὅτ’
248 3449 438 3536 ἐυφροσύνη
461 3445 523 3533 μέν
544 3449 602 3532 ἔχῃ
623 3448 706 3512 κάτα
730 3448 836 3531 δῆμον
858 3447 1000 3527 ἅπαντα,

130 3559 324 3641 δαιτυμόνες
346 3554 377 3621 δ’
403 3554 467 3620 ἀνδι
490 3549 612 3637 δώματ’
639 3551 861 3630 ἀκουάζωνται
884 3551 1001 3616 ἀοιδοῦ

886 3653 922 3708 9⁸
