2642 3917
468 142 676 195 omnm
693 145 740 198 ιτ.
1072 142 1117 207 49

99 281 269 347 ἀθάνατοι
292 284 355 367 γάρ
379 293 439 349 τοῦ
461 308 499 367 γε
523 286 620 370 δόμοι
643 284 698 351 καὶ
720 284 855 371 κτήματ’
881 289 988 353 ἔασιν·

99 386 240 471 ἀνδρῶν
262 386 293 454 δ’
319 389 340 472 ἦ
363 387 421 456 κέν
443 393 493 468 τίς
515 414 572 475 μοι
594 391 758 476 ἐρίσσεται
780 388 818 477 δὲ
839 391 895 458 καὶ
918 390 993 458 ούκλ
1083 408 1118 457 80

99 495 275 577 κτήμασιν.
312 488 333 579 ἦ
356 496 422 582 γὰρ
444 498 550 563 πολλά
572 499 695 563 παθὼν
716 496 773 564 καὶ
794 496 890 565 πόλλ’
917 495 1095 583 ἐπαληθείς

100 599 277 684 ἠγαγόμην
300 600 337 667 έν
358 600 458 686 νηυσὶ
485 600 540 668 καὶ
564 603 713 693 ὀγδοάτῳ
736 606 800 671 έτει
823 598 947 688 ἦλθον,

101 706 246 790 Κύπρον
271 709 434 791 Φοινίκην
456 731 491 774 τε
513 706 568 774 καὶ
592 711 798 793 Αἰγυπτίους
821 710 1014 795 ἐπαληθείς,

101 812 275 890 Αἰθίοπάς
296 810 333 877 θ’
361 813 480 898 ἱκόμην
501 813 556 880 καὶ
579 816 762 894 Σιδονίους
784 814 840 882 καὶ
859 814 1037 902 Ἐρεμβοὺς

101 915 160 983 καί
182 918 329 1003 Λιβύην,
353 918 408 984 ἵνα
430 917 459 984 τ’
485 921 584 1005 ἀρνες
606 922 698 1008 ἀφαρ
719 920 833 1009 κεραοὶ
854 921 1064 988 τελέθουσιν·
1083 938 1116 987 85

102 1020 176 1109 τρὶς
197 1024 261 1108 γάρ
284 1027 384 1091 τίκτει
407 1030 494 1110 μῆλα
516 1030 719 1114 τελεσφόρον
742 1030 789 1105 είς
807 1027 969 1094 ἐνιαυτόν.

103 1132 191 1195 ἔνθα
214 1125 274 1214 μὲν
297 1130 374 1197 οὔτε
397 1132 479 1212 ἅναξ
502 1131 656 1216 ἐπιδευὴς
679 1133 755 1199 οὔτε
777 1157 809 1199 τι
831 1134 956 1219 ποιμὴν

102 1244 209 1321 τυροῦ
231 1234 287 1302 καὶ
308 1248 429 1322 κρειῶν
457 1235 536 1304 ούδδ
558 1242 734 1323 γλυκεροῖο
756 1240 933 1322 γάλακτος,

103 1340 178 1407 ἀλλ’
205 1341 270 1408 αίεὶ
292 1341 495 1430 παρέχουσιν
517 1343 699 1429 ἐπηετανὸν
720 1346 806 1429 γάλα
829 1351 968 1428 θῆσθαι.

104 1440 174 1525 εἷος
196 1448 260 1531 ἐγὼ
282 1446 358 1532 περὶ
379 1459 472 1515 κεῖνα
494 1453 602 1516 πολὺν
624 1453 740 1535 βίοτον
762 1454 970 1536 συναγείρων
1082 1467 1117 1515 90

104 1554 257 1639 ἠλώμην,
279 1557 373 1633 τείως
395 1578 452 1641 μοι
475 1554 639 1641 ἀδελφεὸν
662 1557 762 1634 ἀλλος
784 1559 926 1642 ἔπεφνεν

105 1661 233 1747 λάθρη,
257 1660 409 1744 ἀνωιστί,
432 1662 519 1750 δόλῳ
544 1660 728 1747 οὐλομένης
751 1661 900 1748 ἀλόχοιο·

107 1760 152 1843 ὧς
175 1767 216 1832 ού
238 1790 290 1833 τοι
311 1770 437 1853 χαίρων
454 1768 566 1834 τοῖσδε
588 1768 778 1834 κτεάτεσσιν
801 1767 944 1835 ἀνάσσω.

106 1870 163 1937 καὶ
185 1871 334 1957 πατέρων
356 1874 435 1939 τάδε
457 1870 584 1958 μέλλετ’
611 1872 787 1959 ἀκουέμεν,
810 1875 953 1952 οἵτινες
975 1875 1056 1959 ύμιν

107 1981 208 2062 είσίν,
231 1977 302 2045 ἐπεὶ
324 1980 410 2063 μάλα
432 1980 538 2069 πολλὰ
561 1980 690 2063 πάθον,
712 1979 767 2046 καὶ
790 1979 944 2046 ἀπώλεσα
967 1976 1060 2046 οἶκον
1083 1998 1117 2046 υσ

107 2080 147 2150 εὖ
169 2086 256 2169 μάλα
278 2086 487 2167 ναιετάοντα,
510 2086 692 2170 κεχανδότα
714 2087 820 2152 πολλά
843 2085 898 2152 καί
921 2085 1035 2152 ἐσθλά.

109 2184 157 2256 ὧν
179 2192 303 2275 ὄφελον
325 2191 480 2278 τριτάτην
503 2212 564 2276 περ
588 2194 672 2276 ἔχων
696 2190 733 2257 έν
756 2192 885 2276 δώμασι
907 2203 1030 2277 μοῖραν

108 2299 230 2380 ναίειν,
253 2298 289 2364 οί
308 2295 339 2363 δ’
365 2298 485 2382 ἀνδρες
508 2300 581 2364 σόοι
604 2300 756 2381 ἔμμεναι,
779 2300 815 2363 οἳ
834 2295 901 2363 τότ’
928 2298 1046 2364 ὄλοντο

113 2406 215 2488 Τροίη
238 2402 275 2469 έν
297 2402 409 2489 εύρείη
436 2401 512 2481 ἑκὰς
525 2401 664 2488 Ἀργεος
687 2403 889 2486 ἱπποβότοιο.

110 2507 181 2574 ἀλλ’
207 2512 310 2594 ἒμπης
332 2510 456 2587 πάντας
478 2505 539 2594 μέν
562 2509 765 2593 ὀδυρόμενος
787 2507 842 2575 καὶ
865 2508 994 2595 ἀχεύων
1068 2527 1119 2575 100

109 2616 266 2693 πολλάκις
288 2614 325 2681 έν
348 2617 521 2701 μεγάροισι
543 2617 734 2699 καθήμενος
755 2613 963 2700 ἡμετέροισιν

111 2722 225 2786 ἀλλοτε
248 2718 309 2806 μέν
331 2745 366 2787 τε
388 2724 456 2811 γόςο
480 2719 587 2807 φρένα
609 2720 784 2805 τέρπομαι,
807 2722 924 2787 ἀλλοτε
947 2718 978 2786 δ’
1004 2715 1082 2786 αὖτε

111 2828 268 2911 παύομαι·
292 2829 432 2912 αἰψηρὸς
455 2824 492 2893 δὲ
514 2830 612 2913 κόρος
634 2837 789 2913 κρυεροῖο
811 2829 920 2909 γόοιο·

112 2944 176 2999 τών
198 2934 332 2999 πάντων
354 2932 395 2999 ού
418 2936 540 3000 τόσσον
562 2933 725 3018 ὀδύρομαι
748 2930 931 3016 ἀχνύμενός
953 2954 1029 3017 περ,

112 3041 155 3117 ώς
177 3038 265 3122 ένός,
289 3036 385 3117 ὅςτί
404 3063 461 3125 μοι
483 3039 592 3105 ύπνον
615 3038 809 3124 ἀπεχθαίρει
831 3036 887 3104 καὶ
910 3038 1039 3122 έδωδην
1068 3057 1118 3105 τοο

112 3144 305 3234 μνωομένῳ,
329 3143 398 3211 ἐπεὶ
421 3146 463 3212 ού
485 3168 534 3223 τις
554 3144 693 3230 Ἀχαιῶν
714 3145 817 3209 τόσσα
840 3146 999 3229 μόγησεν,

113 3250 182 3318 ὅσσ’
205 3250 360 3329 Ὀδυσεὺς
382 3252 521 3336 ἐμόγησε
543 3249 599 3317 καὶ
621 3252 733 3335 ἤρατο.
769 3258 815 3338 τῷ
843 3247 874 3316 δ’
905 3248 958 3334 ἀρ’
985 3252 1119 3335 ἔμελλεν

113 3358 199 3447 αὐτῷ
222 3355 313 3443 κήδε’
339 3360 491 3440 ἔσεσθαι,
513 3354 585 3442 ἐμοὶ
610 3354 641 3422 δ’
668 3356 748 3441 ἀχος
769 3352 842 3422 αίὲν
864 3356 1008 3421 ἀλαστον

113 3467 237 3547 κείνου,
261 3464 349 3542 ὅπως
372 3465 413 3548 δὴ
437 3464 541 3547 δηρὸν
564 3462 749 3546 ἀποίχεται,
772 3459 854 3528 οὐδέ
873 3485 905 3527 τι
928 3462 1038 3545 ἴδμεν.

166 3579 264 3619 ποι-ιι
280 3576 398 3619 omn.
426 3578 444 3618 1.
888 3572 905 3619 4
