2642 3917
505 199 713 250 οεεεεειεε
731 202 777 253 w.
1104 201 1144 263 71

137 339 174 405 έν
197 336 228 404 δ’
254 338 341 405 ἔθετ’
368 340 550 425 οὐλοχύτας
572 340 695 429 κανέφ,
718 341 821 427 ῆρᾶτο
845 339 876 405 δ’
900 339 1040 428 Ἀθήνη·

137 448 265 528 ,κλῦθί
283 469 360 529 μευ,
384 449 544 530 αἰγιόχοιο
566 448 651 523 Διὸς
673 445 780 530 τέκος,
800 447 987 532 ἀτρυτόινη,

137 549 270 617 εἴποτέ
289 574 342 617 τοι
364 553 546 635 πολύμητις
568 550 618 617 ένὶ
641 553 835 637 μεγάροισιν
854 551 1031 630 Ὀδυσσεὺς

136 657 157 740 ή
180 659 259 741 βοὸς
281 655 301 740 ή
326 658 395 734 όιος
417 657 498 722 κατά
521 661 621 722 πίονα
643 656 736 743 μηρί’
762 661 872 742 ἔκηεν,

136 773 203 827 τῶν
225 772 290 827 νῦν
312 785 368 846 μοι
391 771 514 846 μνῆσαι
536 766 593 827 καί
613 786 670 846 μοι
693 767 795 847 φίλον
816 756 874 829 υἷα
897 765 1045 847 σάωσον,
1096 781 1146 831 765

136 877 326 952 μνηστῆρας
348 866 380 933 δ’
406 867 571 933 ἀπάλαλκε
594 880 702 946 κακῶς
723 869 1040 954 ὑπερηνορέοντας.“

181 969 225 1052 ὧς
249 972 376 1040 είποῦσ’
404 973 555 1055 ὀλόλυξε,
579 976 643 1039 θεά
668 973 707 1039 δέ
728 976 764 1040 ολ
783 978 900 1040 ἔκλυεν
922 976 1012 1061 ἀρῆς.

136 1089 320 1164 μνηστῆρες
342 1078 372 1145 δ’
400 1079 573 1164 ὁμάδησαν
591 1080 655 1144 ἀνὰ
678 1079 803 1164 μέγαρα
826 1084 992 1147 σκιόεντα·

136 1181 201 1251 ὧδε
224 1184 263 1251 δέ
283 1208 333 1262 τις
355 1192 484 1251 εἴπεσκε
506 1184 593 1251 νέων
616 1185 923 1270 ὑπερηνορεόντων·

136 1283 179 1374 ,,ή
202 1292 289 1375 μάλα
312 1292 354 1374 δή
377 1292 485 1375 γάμον
508 1293 589 1375 ἀμμι
612 1294 826 1375 πολυμνήστη
849 1295 1000 1376 βασίλεια
1095 1311 1147 1360 τεο

136 1396 264 1481 ἀρτύει,
288 1395 369 1462 οὐδέ
388 1419 420 1460 τι
444 1392 554 1479 οἶδεν,
578 1396 596 1461 ὁ
620 1397 655 1461 οἱ
676 1398 781 1480 φόνος
803 1389 853 1462 υἷι
874 1397 1058 1464 τέτυκται.“

180 1497 224 1579 ὧς
246 1504 310 1588 άρα
332 1526 381 1578 τις
404 1509 547 1586 εἴπεσκε,
570 1504 610 1567 τά
634 1500 666 1568 δ’
688 1503 750 1568 οὐκ
768 1509 860 1587 ἴσαν,
879 1503 924 1581 ὡς
943 1503 1101 1571 ἐτέτυκτο.

135 1619 243 1674 τοῖσιν
266 1605 297 1674 δ’
320 1606 487 1685 Ἀντίνοος
510 1608 697 1693 ἀγορήσατο
720 1607 775 1675 καὶ
798 1608 979 1693 μετέειπεν·

136 1716 340 1798 ,,δαιμόνιοι,
364 1717 495 1798 μύθους
518 1711 579 1799 μὲν
601 1715 829 1799 ὑπερφιάλους
852 1715 996 1782 ἀλέασθε

135 1821 260 1897 πάντας
282 1819 384 1904 ὁμῶς,
408 1823 452 1904 μή
475 1822 540 1886 πού
563 1843 613 1896 τις
635 1820 853 1906 άπαγγείλησι
875 1820 930 1887 καὶ
953 1830 1041 1888 είσω.
1096 1841 1146 1888 ‘17⁶

136 1924 207 1990 ἀλλ’
234 1927 292 2009 άγε
316 1936 391 2011 σιγῆ
415 1938 508 1992 τοῖον
532 1926 732 2004 ἀναστάντες
755 1926 917 2012 τελέωμεν

135 2038 263 2114 μῦθον,
287 2031 305 2096 ὁ
330 2033 371 2114 δή
394 2030 449 2097 καὶ
472 2042 573 2098 πᾶσιν
597 2031 647 2096 ένὶ
671 2031 791 2116 φρεσὶν
813 2033 937 2117 ήραρεν
959 2034 1070 2117 ήμῑν.“

180 2132 224 2214 ὧς
247 2138 349 2202 εἰπὼν
372 2135 514 2222 ἐκρίνατ’
542 2137 664 2203 ἐείκοσι
687 2148 799 2221 φῶτας
822 2138 994 2222 ἀρίστους,

135 2243 200 2325 βάν
225 2239 256 2307 δ’
284 2242 368 2308 ἰέναι
392 2241 445 2308 ἐπὶ
467 2252 531 2326 νῆα
554 2242 642 2325 θοήν
666 2241 721 2308 καὶ
742 2248 825 2307 θῖνα
846 2245 1028 2327 θαλάσσης.

134 2357 199 2431 νῆα
222 2344 283 2432 μὲν
305 2343 367 2413 οὑν
390 2349 592 2432 πάμπρωτον
615 2347 693 2424 ὑλὸς
715 2346 880 2429 βένθοσδε
904 2352 1064 2434 ἔρυσσαν,
1096 2369 1146 2417 780

136 2453 172 2518 έν
197 2451 227 2518 δ’
255 2454 348 2519 ίστόν
369 2452 398 2518 τ’
426 2454 575 2519 έτίθεντο
599 2452 654 2519 καὶ
678 2454 765 2519 ίστία
788 2453 844 2536 νηλ
867 2459 1021 2540 μελαίνῃ,

135 2560 321 2644 ήρτὺναντο
346 2557 376 2624 δ’
405 2559 522 2644 έρετμὰ
545 2571 680 2645 τροποῖς
703 2559 740 2625 έν
763 2562 1027 2645 δερματίνοισιν,

138 2666 256 2746 [πάντα
278 2666 360 2730 κατά
383 2676 518 2750 μοῖραν,
543 2664 606 2730 ἀνά
629 2663 666 2729 θ’
693 2665 780 2731 ἱστία
803 2667 903 2731 λενιιά
925 2666 1118 2750 πέτασσαν]

135 2773 250 2855 τεύχεα
275 2770 315 2837 δέ
335 2769 393 2855 σφ’
419 2772 555 2854 ἤνεικαν
577 2770 767 2855 ὑπέρθυμοι
789 2772 1002 2856 θεράποντες.

4 2893 11 2932 k
135 2879 225 2954 ὑψοῦ
245 2876 275 2942 δ’
294 2878 330 2944 έν
344 2881 443 2966 νοτίφ
457 2879 520 2960 τήν
533 2875 564 2960 γ’
582 2878 747 2962 ὥρμισαν,
766 2876 803 2941 έκ
817 2875 847 2940 δ’
865 2880 945 2960 έβαν
958 2878 1067 2944 αὑτοί·
1096 2897 1146 2945 785

136 2986 220 3048 ἔνθα
243 2980 280 3048 δὲ
304 2985 430 3069 δόρπον
453 2983 584 3065 ἕλοντο,
608 2981 709 3066 μένον
733 2980 765 3047 δ’
792 2980 846 3046 έπλ
864 2981 1005 3067 ἕσπερον
1024 2984 1146 3049 έλθείν·

178 3090 200 3174 ή
224 3087 254 3154 δ’
281 3089 432 3178 ὑπερωίῳ
457 3084 539 3155 αὖθι
561 3091 735 3174 περίφρων
758 3091 967 3172 Πηνελόπεια

135 3193 214 3261 κεῖτ’
241 3193 293 3281 ἀρ’
320 3196 447 3276 άσιτος,
471 3197 615 3270 ἄπαστος
638 3193 777 3278 έδητάος
799 3190 858 3277 ήδλ
880 3203 1036 3279 ποτῆτος,

136 3299 345 3386 ὁρμαίνοντ’,
367 3302 388 3384 ῆ
412 3301 447 3366 οἱ
467 3301 617 3365 θάνατον
640 3301 744 3384 φάγοι
766 3300 840 3377 νίὸς
863 3300 1017 3385 ἀμύμων,

135 3403 156 3491 ή
180 3407 198 3472 ὁ
221 3405 252 3491 γ’
277 3407 342 3473 ὑπὸ
365 3415 571 3491 μνηστῆρσιν
593 3405 829 3491 ὑπερφιάλοισι
852 3407 978 3490 δαμείη.
1096 3425 1146 3473 790

136 3514 220 3579 ὁσσα
244 3509 280 3579 δὲ
303 3512 478 3598 μερμήριξε
502 3511 587 3578 λέων
610 3511 744 3597 ἀνδρῶν
767 3511 804 3577 έν
827 3511 929 3600 ὁμίλφ
