2642 3917
540 209 740 266 scutulam.
1076 210 1140 264 XXI

137 376 233 451 aperit
247 368 394 457 (1-41).
426 377 506 435 Eum
523 378 642 453 placare
660 379 774 437 frustra
792 379 911 454 quaerit
924 379 1139 456 Eurymachus,

135 484 204 525 mox
225 485 293 525 oum
313 484 381 525 ense
401 465 517 525 irruens
536 466 573 524 ab
592 486 626 526 eo
649 467 807 543 occiditur3
829 467 902 527 item
921 467 1140 544 Amphinomus

137 573 155 612 a
178 554 352 614 Telemacho
375 546 549 635 (42-98):
577 554 630 630 qui
656 555 714 613 sibi
740 555 862 632 suisque
889 576 973 616 arma
995 576 1030 616 ex
1053 575 1139 633 supe·

136 642 213 702 riore
235 644 320 718 parte
349 642 467 702 aedium
493 642 600 721 defert,
628 644 680 703 sed
706 644 829 703 ianuam
856 645 992 705 obserare
1015 644 1139 720 oblitus3

136 750 190 807 per
212 750 303 807 quam
325 731 416 790 etiam
434 731 530 807 procis
548 732 731 791 Melanthius
749 752 833 792 anua
850 732 928 810 petit
947 724 1138 815 (aa-162).

137 819 334 879 Melanthium
361 820 470 879 iterum
498 820 724 880 adscendentem
751 821 902 882 subsecuti
927 822 1080 881 Eumaeus
1109 824 1140 880 et

137 907 302 968 Philoetius
329 908 514 986 opprimunt,
537 909 758 988 constringunt,
784 908 888 970 vivum
910 910 949 969 ad
970 910 1140 970 columnam

137 996 266 1075 alligant
288 988 500 1079 (163-199).
545 997 627 1056 Ulixi
653 1017 723 1057 cum
749 997 811 1059 filio
833 1001 864 1057 et
885 998 1056 1076 pastoribus
1078 998 1139 1057 illis

136 1103 251 1161 procos·
267 1085 389 1163 urgenti
416 1085 550 1145 Minerva
577 1086 674 1162 spese
700 1086 856 1165 Mentoris,
882 1087 950 1147 dein
971 1087 1139 1146 hirundinis

137 1174 263 1252 accedit,
285 1176 322 1231 ut
343 1173 401 1249 ipsi
422 1173 537 1233 animos
559 1177 672 1254 augeat
693 1178 724 1234 et
746 1174 893 1234 auxilium
914 1176 993 1236 serat
1015 1168 1136 1257 (200—

139 1254 225 1341 240).
269 1261 342 1320 Inde
371 1262 468 1322 acrior
497 1281 613 1341 pugna,
645 1282 707 1339 qua
738 1264 920 1324 consternati
949 1263 1140 1341 perimuntur

138 1349 308 1428 Otesippus,
337 1350 456 1427 Lindos
488 1350 598 1427 reliqui
627 1370 728 1412 omnes
755 1344 974 1435 (241—329):
1005 1353 1140 1430 parcitur

136 1442 257 1497 tantum
270 1438 392 1498 Phemio
410 1438 580 1499 citharoedo
598 1443 630 1499 et
646 1440 780 1500 Medonti
796 1441 945 1519 praeconi,
962 1441 1138 1518 deprecante

138 1528 312 1587 Telemacho
341 1519 554 1609 (330-·380).
599 1528 648 1588 Ita
670 1530 806 1605 expletus
830 1529 945 1590 ultione
966 1529 1068 1590 Ulixes
1091 1550 1138 1590 ca·

137 1616 247 1676 devera
264 1615 332 1675 tolli
350 1619 380 1675 et
398 1616 520 1675 domum
538 1616 599 1675 elui
616 1617 713 1693 iubet3
736 1617 892 1678 duodecim
910 1618 1045 1697 ancillae,
1061 1638 1138 1695 quae

136 1704 302 1781 Eurycleae
324 1704 433 1763 indicio
455 1723 525 1764 cum
551 1706 648 1781 procis
680 1709 871 1784 consuerant,
899 1707 1058 1784 suspendio
1089 1727 1139 1767 ne-

137 1797 252 1870 cantur,
266 1792 378 1853 maiore
391 1793 527 1853 cruciatu
540 1793 722 1853 Melanthius
742 1786 955 1875 (381-477).
984 1795 1140 1872 Perpetra·

137 1881 176 1941 tis
198 1881 245 1940 his
263 1881 351 1940 rebus
369 1880 471 1941 Ulixes
489 1882 589 1959 ignem
608 1882 708 1942 adolet
725 1882 905 1959 incensoque
924 1885 1066 1961 sulphure
1090 1885 1140 1946 do·

137 1990 220 2029 mum
237 1970 356 2045 piaculo
371 1971 484 2049 purgat
497 1962 711 2053 (las-494).
736 1970 884 2049 Agnitum
898 1972 1052 2033 dominum
1065 1972 1141 2033 fidae

137 2058 264 2118 ancillae
287 2059 423 2117 salutant
445 2050 657 2140 (las-501).
723 2120 725 2124 .

581 2280 700 2348 XXIII.

204 2412 372 2488 Penelopen
408 2411 505 2471 adhuc
540 2411 735 2472 dormientem
771 2412 882 2473 excitat
913 2415 1076 2495 Euryclea,
1108 2421 1144 2476 ut

137 2500 256 2560 Ulixem
282 2501 338 2559 sub
365 2499 491 2559 mendici
517 2500 625 2559 habitu
651 2501 776 2561 latuisse
803 2504 834 2561 et
860 2521 964 2578 procos
987 2503 1055 2564 telis
1078 2501 1142 2565 eius

137 2588 276 2649 cecidisse
298 2588 418 2648 nuntiet
436 2580 583 2671 (1—31).
623 2589 773 2650 Noscendi
795 2590 904 2668 cupida
926 2592 1077 2653 descendit
1097 2613 1142 2653 re-

138 2678 210 2755 gina
236 2677 315 2737 inter
340 2676 485 2756 gaudium
511 2680 684 2753 metumque
711 2678 860 2738 fluctuans
887 2698 922 2739 ac
949 2681 1068 2741 caedem
1090 2702 1142 2759 po-

138 2767 199 2825 tius
222 2766 259 2825 ab
283 2766 385 2841 aliquo
408 2765 531 2825 deorum
554 2766 666 2825 editam
687 2770 811 2843 putans:
841 2770 873 2827 et
898 2787 935 2827 ne
962 2768 1142 2831 assidentem

138 2854 259 2931 quidem
280 2854 379 2913 vnum
401 2857 511 2913 tamere
533 2853 627 2913 credit
648 2855 749 2931 ipsum
771 2873 847 2932 esse,
874 2874 940 2935 nec,
964 2858 1101 2933 quamvis
1123 2879 1142 2918 a

10 2927 21 2933 ”
137 2941 199 3001 fluo
231 2942 402 3021 obiurgata,
435 2942 601 3019 alloquitur
632 2937 832 3024 (aa-110).
885 2945 928 3003 le
957 2945 1072 3024 Ulixes,
1103 2966 1140 3007 ne

138 3031 241 3091 statim
263 3049 309 3091 res
332 3051 386 3108 per
411 3031 515 3090 urbem
537 3032 692 3109 vulgetur,
723 3032 932 3093 Telemachum
955 3037 986 3093 et
1007 3038 1141 3111 pastores

138 3138 206 3179 cum
229 3119 345 3180 ancillis
368 3120 489 3179 choreas
512 3138 599 3197 agere
622 3119 721 3198 iubet;
744 3121 884 3197 totusque
902 3142 971 3182 mox
988 3122 1051 3199 ipse
1070 3127 1101 3183 et
1123 3144 1142 3182 a

137 3208 272 3268 Minerva
293 3208 409 3268 iuvenis
427 3208 561 3267 redditus
583 3208 621 3267 ad
643 3228 766 3268 uxorem
787 3210 956 3289 revertitur,
983 3211 1033 3271 cui
1054 3212 1140 3272 lenti·

138 3296 273 3357 tudinem
294 3296 453 3373 exprobrat
475 3288 689 3378 (ΙΙΙ-172).
736 3297 867 3358 Tandem
890 3298 956 3377 illa,
984 3318 1044 3376 quo
1071 3319 1140 3359 cau·

137 3386 199 3443 tius
216 3404 321 3445 verum
343 3386 483 3462 exploret,
506 3383 542 3443 de
564 3385 666 3461 positu
689 3386 759 3445 lecti
781 3386 907 3465 genialis
930 3387 1050 3464 abipso
1069 3387 1141 3447 olim

137 3473 276 3532 fabricati
299 3474 340 3533 sic
363 3473 506 3549 loquitur,
529 3476 565 3531 ut
587 3474 790 3550 respondendo
813 3476 901 3551 plane
920 3478 1024 3552 pateat
1042 3475 1141 3551 opifex

136 3562 264 3621 maritus
287 3553 500 3645 (173—204).
547 3561 624 3620 Tum
651 3562 778 3639 denique
806 3562 909 3642 agnito
936 3563 1017 3623 Ulixi
1043 3562 1140 3639 prima
