2642 3917
517 163 726 216 ΟΔΤΣΣΕΙΑΣ
744 165 791 216 XL

445 356 782 478 οΔεΣΣΕιΑΣ
807 402 859 477 Λ.

556 669 738 738 Νέκυια.

190 832 294 917 αύτάρ
318 832 391 899 ἐπεί
410 827 441 919 ῤ’
467 831 520 899 ἐπὶ
542 843 608 917 νῆα
629 837 840 918 κατήλθομεν
862 829 922 917 ήδέ
944 834 1136 915 θάλασσαν,

145 946 210 1021 νῆα
232 934 292 1022 μὲν
315 937 357 1024 ἂρ
379 940 582 1024 πάμπρωτον
605 939 791 1025 ἐρύσσαμεν
813 941 861 1016 είς
883 939 946 1004 άλα
970 940 1061 1020 δῖαν,

146 1042 184 1108 ἐν
208 1037 239 1107 δ’
266 1044 359 1109 ίστὸν
381 1042 566 1129 τιθέμεσθα
588 1043 644 1111 καὶ
666 1045 755 1111 ίστία
777 1042 834 1128 νηὶ
856 1047 1010 1130 μελαίνη,

145 1147 183 1214 ἐν
206 1145 242 1214 δὲ
264 1151 305 1214 τά
327 1154 414 1234 μῆλα
437 1153 595 1235 λαβόντες
618 1150 798 1235 ἐβήσαμεν,
821 1149 863 1215 ἂν
886 1147 923 1216 δέ
944 1149 1001 1215 καὶ
1023 1149 1118 1216 αὐτοὶ

144 1257 305 1340 βαίνομεν
328 1255 507 1340 ἀχνύμενοι
529 1258 677 1343 θαλερὸν
698 1258 781 1322 κατά
803 1259 909 1342 δάκρυ
931 1255 1070 1341 χέοντες.
1141 1272 1158 1321 σ

144 1360 224 1446 ἡμῖν
247 1356 279 1426 δ’
305 1357 348 1427 αὖ
371 1365 553 1456 κατόπισθε
576 1365 651 1440 νεὸς
674 1365 927 1449 κυανοπρώροιο

145 1473 281 1550 ,ἴκμενον
304 1463 408 1550 οὖρον
431 1469 474 1535 ἵει
496 1471 708 1553 πλησίστιον,
732 1468 856 1535 ἐσθλὸν
879 1467 1026 1554 ἑταῖρον,

145 1576 252 1660 Κίρκη
277 1573 497 1660 ἐυπλόκαμος,
521 1576 614 1658 δεινή
637 1576 718 1652 θεὸς
740 1574 916 1658 αὐδήεσσα.

145 1679 239 1764 ἡμεῖς
262 1674 294 1744 δ’
319 1680 404 1746 ὅπλα
427 1680 546 1746 ἕκαστα
568 1682 794 1765 πονησάμενοι
815 1682 898 1747 κατά
919 1690 985 1765 νῆα

144 1786 270 1869 ήμεθα·
292 1787 353 1870 τήν
377 1781 410 1853 δ’
436 1788 555 1871 άνεμός
577 1811 613 1853 τε
635 1789 839 1872 κυβερνήτης
860 1781 890 1851 τ’
916 1793 1044 1852 ῖθυνεν.
1124 1802 1158 1849 10

144 1900 202 1975 της
226 1887 263 1956 δὲ
285 1895 489 1977 πανημερίης
511 1885 623 1956 τέταθ’
650 1891 738 1956 ίστία
760 1891 1040 1976 ποντοπορούσης.

146 1999 266 2064 δύσετό
288 1992 317 2061 τ’
342 1997 452 2080 ήέλιος
475 1999 636 2062 σκιόωντό
658 2020 694 2061 τε
715 2006 819 2062 πᾶσαι
841 1996 971 2080 ἀγυιαί,

145 2101 166 2185 ή
191 2097 222 2166 δ’
249 2102 282 2179 ἐς
304 2097 437 2187 πείραθ’
463 2103 555 2168 ἵκανε
578 2105 776 2188 βαθυρρόου
795 2097 973 2168 Ὠκεανοῖο.

146 2211 231 2273 ἔνθα
254 2204 290 2273 δὲ
313 2210 506 2292 Κιμμερίων
529 2207 664 2292 ἀνδρῶν
687 2210 791 2292 δῆμός
812 2231 847 2274 τε
870 2212 964 2285 πόλις
987 2232 1036 2291 τε,

146 2312 219 2399 ήέρι
241 2312 296 2379 καί
318 2312 441 2399 νεφέλη
464 2313 717 2398 κεκαλυμμένοι·
742 2312 824 2379 οὐδέ
843 2308 916 2380 ποτ’
941 2313 1064 2391 αὐτοὺς
1124 2332 1157 2379 15

146 2418 256 2503 ἠέλιος
278 2418 418 2503 φαέθων
440 2419 674 2504 καταδέρκεται
697 2419 900 2503 ἀκτίνεσσιν,

146 2518 224 2590 οὔθ’
251 2519 342 2589 ὁπότ’
367 2523 409 2590 άν
433 2528 578 2610 στείχῃσι
600 2527 684 2610 πρὸς
706 2525 852 2610 οὐρανὸν
875 2525 1085 2610 ἀστερόεντα,

146 2625 225 2698 οὔθ’
247 2624 295 2695 ὅτ’
316 2628 358 2717 ἂν
378 2627 424 2707 δή
443 2628 496 2695 ἐπὶ
513 2642 613 2713 γαῖαν
632 2624 689 2696 ἀπ’
709 2630 899 2715 οὐρανόθεν
915 2633 1157 2716 προτράπηται,

146 2730 218 2802 ἀλλ’
243 2734 296 2802 ἐπὶ
318 2737 379 2816 νὺξ
402 2737 482 2820 ὀλοή
505 2734 634 2803 τέταται
658 2737 798 2802 δειλοῖσι
820 2741 999 2823 βροτοῖσιν.

145 2853 210 2926 νῆα
233 2839 293 2927 μὲν
316 2838 389 2908 ἐνθ’
415 2843 570 2920 ἐλθόντες
593 2841 786 2927 ἐκέλσαμεν,
810 2843 845 2909 έκ
869 2840 906 2909 δὲ
927 2845 968 2909 τά
990 2848 1078 2928 μήλα
1123 2861 1158 2908 20

148 2943 312 3032 είλόμεθ’·
335 2946 431 3015 αὐτοὶ
454 2943 486 3014 δ’
511 2943 589 3014 αὖτε
612 2949 701 3034 παρὰ
724 2949 805 3034 ῥόον
825 2943 993 3015 Ὠκεανοῖο

146 3051 265 3140 ᾔομεν,
289 3047 366 3138 ὄφρ’
392 3053 425 3130 ἐς
447 3065 557 3139 χῶρον
580 3049 772 3139 ἀφικόμεθ’,
795 3053 836 3119 ὃν
859 3056 966 3140 φράσε
989 3057 1105 3140 Κίρκη.

192 3152 266 3224 ἐνθ’
294 3157 401 3244 ίερήια
423 3155 484 3243 μέν
508 3161 701 3246 Περιμήδης
722 3160 915 3245 Εὐρύλοχός
936 3183 972 3225 τε

147 3268 259 3350 ἔσχον·
283 3262 346 3346 ἐγὼ
371 3257 401 3328 δ’
428 3265 489 3349 άορ
513 3265 572 3344 ὀξὺ
595 3264 820 3350 ἐρυσσάμενος
841 3266 930 3350 παρά
953 3275 1062 3350 μηροῦ

147 3359 275 3458 βόθρον
299 3363 403 3454 ὄρυξ’,
427 3369 530 3435 ὅσσον
552 3393 587 3435 τε
609 3371 796 3453 πυγούσιον
818 3373 903 3435 ἔνθα
925 3369 980 3436 καὶ
1003 3373 1098 3454 ἔνθα,
1122 3386 1157 3435 25

147 3471 229 3562 ἀμφ’
255 3476 344 3564 αύτῷ
368 3471 406 3540 δὲ
428 3475 511 3559 χοήν
534 3478 657 3560 χεόμην
679 3485 781 3540 πᾶσιν
802 3475 992 3558 νεκύεσσιν,
