2642 3917
152 199 154 202 ·
194 189 261 253 200
568 193 776 244 omnm
794 196 829 247 ιι.

190 331 263 418 ἄγχ’
289 334 411 411 ύδατος
433 339 622 420 γλυκεροῖο,
645 334 700 400 καὶ
724 335 926 419 ἐξαπέβησαν
949 334 1072 418 ἑταῖροι

190 442 284 524 νηός,
308 443 418 506 ἔπειτα
442 437 478 505 δὲ
502 441 629 525 δόρπον
652 439 874 526 ἐπισταμένως
895 442 1077 508 τετύκοντο.

190 546 294 632 αὐτὰρ
318 545 388 612 ἐπεὶ
410 549 526 622 πόσιος
548 545 603 611 καὶ
626 546 763 630 ἐδητύος
786 547 819 627 ἐξ
842 550 920 634 ἔρον
943 546 1033 629 ἕντο,

190 652 396 736 μνησάμενοι
420 653 460 736 δή
485 654 594 717 ἔπειτα
617 656 738 736 φίλους
760 656 892 718 ἔκλαιον
915 652 1080 738 ἑταίρους,

191 758 250 836 οὓς
272 762 374 843 ἔφαγε
397 760 531 842 Σκύλλη
555 763 728 843 γλαφυρῆς
750 758 786 824 ἐκ
807 761 888 844 νηὸς
911 758 1044 825 ἑλοῦσα·
1148 778 1200 826 310

191 867 397 931 κλαιόντεσσι
420 860 457 929 δὲ
479 875 587 929 τοῖσιν
609 864 756 947 ἐπήλυθε
779 868 927 950 νήδυμος
948 866 1061 943 ύπνος.

191 966 274 1055 ήμος
297 967 333 1036 δέ
355 974 449 1055 τρίχα
472 972 592 1047 νυκτὸς
613 973 687 1055 ἐην,
710 974 791 1055 μετὰ
814 971 845 1037 δ’
871 974 975 1059 ἄστρα
997 975 1164 1056 βεβήκειν,

192 1073 299 1162 ὦρσεν
322 1079 376 1141 ἐπι
400 1079 478 1159 ζαῆν
501 1077 624 1160 ἄνεμον
646 1077 886 1163 νεφεληγερέτα
910 1081 993 1155 Ζεὺς

193 1186 326 1248 λαίλαπι
348 1186 524 1267 θεσπεσίη,
549 1185 613 1248 σὺν
637 1179 674 1248 δέ
695 1182 850 1268 νεφέεσσι
872 1186 1020 1262 κάλυψεν

192 1300 291 1372 γαλαν
315 1288 399 1373 ὁμοῦ
421 1286 477 1354 καὶ
499 1290 636 1354 πόντον·
658 1290 778 1374 ὀρώρει
797 1288 827 1355 δ’
850 1291 1038 1376 οὐρανόθεν
1055 1293 1125 1371 νύξ.
1149 1309 1202 1356 313

192 1392 275 1481 ήμος
298 1393 329 1461 δ’
355 1395 521 1482 ἠριγένεια
544 1395 633 1480 φάνη
658 1395 901 1480 ῥοδοδάκτυλος
921 1394 1020 1480 Ἠώς,

194 1512 257 1586 νῆα
279 1499 339 1587 μὲν
362 1503 551 1588 ὡρμίσαμεν
577 1507 692 1566 κοίλον
715 1503 813 1580 σπέος
835 1504 1075 1589 εἰσερύσαντες·

194 1612 278 1675 ἐνθα
302 1605 332 1672 δ’
358 1610 439 1674 ἔσαν
460 1607 619 1692 νυμφέων
642 1607 737 1673 καλοὶ
759 1607 854 1694 χοροὶ
877 1604 936 1691 ήδέ
958 1611 1098 1675 θόωκοι·

194 1713 249 1780 καὶ
270 1711 337 1779 τότ’
364 1713 449 1797 ἐγὼν
472 1714 599 1799 ἀγορήν
620 1713 763 1798 θέμενος
785 1715 865 1798 μετὰ
887 1720 1000 1798 μῦθον
1023 1718 1147 1781 ἐειπον·

196 1817 232 1904 ,ὦ
256 1825 364 1906 φίλοι,
388 1819 424 1885 ἐν
447 1821 510 1905 γάρ
533 1817 590 1903 νηὶ
612 1825 679 1904 θοή
703 1822 826 1905 βρῶσίς
847 1842 882 1884 τε
905 1823 1002 1897 πόσις
1023 1845 1059 1887 τε
1149 1839 1201 1886 330

196 1931 300 2011 ἔστιν,
323 1937 390 1992 τῶν
413 1922 450 1991 δέ
472 1929 563 2009 βοῶν
586 1924 797 2010 ἀπεχώμεθα,
821 1928 865 2009 μή
888 1949 920 1991 τι
942 1928 1117 2012 πάθωμεν·

196 2035 310 2099 δεινοῦ
332 2034 395 2118 γὰρ
418 2039 503 2098 θεοῦ
526 2033 598 2097 αἵδε
620 2034 697 2115 βόες
718 2031 773 2098 καί
797 2039 871 2117 ίφια
894 2038 995 2116 μῆλα,

193 2139 342 2222 Ἠελίου,
365 2139 402 2216 ὃς
424 2136 519 2204 πάντ’
545 2137 651 2224 ἐφορᾷ
675 2136 730 2203 καὶ
752 2137 848 2204 πάντ’
874 2139 1048 2207 ἐπακούει.ι

241 2241 286 2324 ὣς
309 2245 454 2330 ἐφάμην,
477 2255 585 2310 τοῖσιν
608 2241 639 2308 δ’
667 2243 857 2311 ἐπεπείθετο
880 2248 989 2330 θυμὸς
1012 2247 1152 2332 ἀγήνωρ.

197 2362 284 2437 μηνα
307 2347 344 2416 δὲ
366 2346 461 2414 πάντ’
483 2351 642 2432 ἄλληκτος
660 2351 846 2433 ἄηΝότος,
869 2351 951 2416 ούδέ
966 2375 1016 2428 τις
1033 2354 1132 2428 ἄλλος
1151 2369 1203 2418 303

197 2454 318 2542 γᾶγνετ’
345 2454 442 2521 ἔπειτ’
470 2453 601 2539 ἀνέμων
622 2457 654 2519 εί
675 2456 719 2538 μή
743 2450 853 2540 Εὖρός
874 2480 910 2522 τε
933 2460 1043 2534 Νότος
1065 2481 1108 2523 τε.

198 2565 233 2632 οί
253 2561 284 2630 δ’
310 2563 385 2640 εἵως
407 2559 468 2646 μὲν
491 2573 584 2626 σῖτον
607 2563 684 2645 ἔχον
706 2560 761 2626 καί
784 2557 879 2627 οἶνον
902 2562 1063 2648 ἐρυθρόν,

197 2674 305 2756 τόφρα
328 2672 418 2754 βοῶν
441 2667 600 2752 ἀπέχοντο
629 2670 832 2751 λιλαιόμενοι
854 2671 988 2752 βιότοιο.

198 2774 269 2842 ἀλλ’
297 2776 350 2842 ὅτε
374 2775 415 2857 δή
438 2776 518 2858 νηὸς
541 2770 696 2857 ἐξέφθιτο
719 2773 776 2855 ήια
798 2776 919 2857 πάντα,

198 2882 253 2950 καὶ
276 2883 317 2967 δή
341 2882 446 2966 ἄγρην
469 2878 651 2964 ἐφέπεσκον
675 2879 888 2963 ἀλητεύοντες
911 2881 1052 2968 ἀνάγκη,
1152 2901 1204 2947 330

199 2993 298 3075 ι’χθῦς
321 2987 460 3072 ὄρνιθάς
481 3009 531 3068 τε,
555 2989 653 3070 φίλας
676 2986 727 3050 ὅτι
750 2996 860 3070 χεῖρας
882 2987 1001 3070 ἵκοιτο,

201 3097 396 3179 [γναμπτοῖς
418 3092 659 3177 ἀγκίστροισιν,
683 3095 785 3176 ἐτειρε
809 3088 846 3157 δέ
868 3092 1009 3177 γαστέρα
1032 3096 1153 3177 λιμός]

200 3202 241 3285 δή
264 3197 331 3265 τότ’
357 3198 442 3283 ἐγὼν
465 3199 528 3264 ἀνά
551 3207 655 3282 νήσου
679 3196 868 3282 ἀπέστιχον,
892 3199 980 3282 ὄφρα
1003 3204 1134 3264 θεοῖσιν

200 3307 373 3390 εὐξαίμην,
396 3311 430 3371 εί
447 3309 497 3382 τίς
520 3329 576 3389 μοι
599 3305 680 3370 ὁδὸν
703 3306 819 3388 φήνειε
841 3302 988 3369 νέεσθαι.

201 3407 272 3478 ἀλλ’
298 3413 350 3478 ὅτε
374 3412 415 3495 δή
440 3413 494 3476 διά
517 3413 623 3494 νήσου
646 3412 707 3475 ι’ὼν
729 3411 832 3493 ήλυξα
855 3409 1019 3497 ἑταίρους,
1153 3429 1207 3477 333

202 3529 311 3603 χεῖρας
333 3517 527 3600 νιύάμενος,
551 3514 606 3581 ὅθ’
633 3515 686 3581 ἐπὶ
710 3516 828 3592 σκέπας
851 3511 893 3599 ἦν
915 3515 1063 3600 ἀνέμοιο,
