2642 3917
503 167 712 218 ΟΔΤΣΣΕΙΔΣ
729 167 775 217 IV.

133 308 169 374 έν
191 307 291 392 νηυσὶ
315 315 517 394 γλαφυρῇσι·
541 310 648 374 σάωσε
673 304 709 374 δὲ
732 310 852 373 πότνια
866 307 969 393 Ἥρη.Ι

133 411 204 478 ἀλλ’
231 415 283 479 ὅτε
308 416 349 498 δή
372 411 442 498 τάχ’
469 417 581 498 έμελλε
605 415 787 479 Μαλειάων
810 416 887 500 όρος
910 417 991 480 αἰπὺ

132 520 278 603 ἵξεσθαι,
301 524 373 585 τότε
397 521 439 603 δή
462 544 520 604 μιν
543 519 757 605 ἀναρπάξασα
778 521 907 586 θύελλα
1090 537 1143 586 515

133 627 257 692 πόντον
279 624 329 692 ἐπ’
357 629 536 712 ἰχθυόεντα
560 625 662 710 φέρεν
684 625 787 710 βαρέα
811 627 1026 710 στενάχοντα,

133 731 238 816 ἀγροῦ
261 729 311 797 ἐπ’
338 732 505 817 ἐσχατιήν,
529 733 587 797 ὅθι
611 733 745 816 δώματα
767 743 840 797 ναῖε
865 731 1012 815 Θυέστης
1104 771 1108 776 -

133 839 170 902 τὸ
193 840 287 921 πρίν,
311 837 392 923 ἀτάρ
415 835 481 903 τότ’
508 841 596 903 έναιε
621 839 827 921 Θυεστιάδης
848 843 1021 920 Αἴγισθος.

133 940 204 1008 ἀλλ’
231 943 284 1008 ὅτε
308 944 349 1026 δη
372 942 427 1008 καῖ
449 950 564 1009 κεῖθεν
587 943 741 1027 ἐφαίνετο
763 944 883 1020 νόστος
905 942 1059 1027 ἀπήμων,

133 1047 179 1127 ἀφ
203 1045 240 1114 δέ
262 1047 338 1114 θεοί
361 1044 465 1134 οὖρον
488 1048 647 1133 στρέψαν,
671 1047 726 1113 καὶ
745 1046 851 1113 οἴκαδ’
879 1049 1007 1132 ἵκοντο,
1092 1065 1144 1114 520

132 1149 153 1238 ή
177 1178 227 1219 τοι
251 1154 269 1220 ὁ
292 1151 353 1239 μὲν
374 1158 500 1239 χαίρων
523 1154 698 1237 ἐπεβήσετο
721 1155 879 1239 πατρίδος
902 1161 977 1237 αἴης

133 1258 187 1326 καὶ
210 1261 303 1325 κύνει
325 1259 507 1344 ἁπτόμενος
529 1259 571 1342 ἣν
594 1261 749 1345 πατρίδα·
772 1262 878 1325 πολλὰ
902 1258 932 1325 δ’
960 1258 1015 1325 ἀπ’
1038 1260 1144 1325 αὐτοῦ

134 1367 261 1452 δάκρυα
283 1367 392 1452 θερμά
414 1363 534 1450 χέοντ’,
558 1363 627 1430 έπεῖ
651 1365 819 1442 ἀσπασίως
841 1366 892 1430 ἴδε
914 1377 1022 1447 γαῖαν.

132 1475 191 1538 τὸν
215 1470 245 1538 δ’
272 1471 323 1557 ἀρ’
351 1472 414 1538 ἀπὸ
438 1481 575 1554 σκοπιῆς
597 1467 665 1536 εἶδε
688 1473 824 1553 σκοπός,
847 1470 887 1535 δν
910 1471 952 1557 ρα
972 1478 1130 1537 καθεῖσεν

133 1584 298 1662 Αἴγισθος
321 1579 496 1662 δολόμητις
518 1579 624 1661 ἀγων,
646 1576 712 1642 ὑπὸ
736 1575 767 1641 δ’
794 1579 905 1661 ἔσχετο
928 1579 1053 1662 μισθὸν
1092 1595 1143 1642 5ε5

132 1693 259 1770 χρυσοῦ
283 1685 358 1749 δοιά
380 1685 537 1749 τάλαντα·
560 1685 710 1768 φύλασσε
733 1681 764 1747 δ’
792 1681 864 1766 ὅγ’
891 1686 938 1760 εἰς
961 1683 1129 1767 ένιαντόν,

133 1792 178 1874 μή
198 1789 214 1856 ε’
236 1791 335 1855 λάθοι
359 1791 503 1875 παριών,
526 1793 687 1874 μνήσαιτο
711 1786 747 1854 δὲ
770 1791 932 1875 θούριδος
955 1789 1063 1874 ἀλκῆς.

133 1899 175 1978 δή
199 1893 230 1961 δ’
257 1902 330 1980 ἴμεν
353 1894 518 1978 ἀγγελέων
540 1897 623 1981 πρὸς
646 1896 780 1980 δώματα
802 1895 935 1980 ποιμένι
958 1901 1056 1961 λαῶν.

133 2001 250 2066 αὐτίκα
273 1999 305 2066 δ’
331 2007 496 2083 Αἴγισθος
519 2002 637 2085 δολίην
660 2001 848 2087 ἐφράσσατο
870 2001 1004 2086 τέχνην·

133 2108 329 2191 κρινάμενος
351 2107 433 2171 κατὰ
456 2108 564 2191 δῆμον
587 2107 707 2173 ἐείκοσι
731 2119 842 2191 φῶτας
866 2107 1021 2193 ἀρίστους
1092 2125 1143 2175 530

134 2205 201 2278 εἷσε
224 2216 338 2296 λόχον,
363 2211 501 2296 ἑτέρωθι
524 2210 554 2278 δ’
582 2213 703 2296 ἀνώγει
726 2215 823 2279 δαῖτα
845 2213 1015 2280 πένεσθαι.

134 2319 238 2403 αὐτάρ
261 2318 279 2384 ὁ
302 2323 344 2403 βῆ
367 2317 494 2384 καλέων
514 2317 740 2403 Ἀγαμέμνονα
762 2319 903 2403 ποιμένα
926 2324 1016 2385 λαῶν

134 2425 284 2490 ἵπποισιν
307 2423 361 2490 καῖ
385 2426 538 2509 ὄχεσφιν,
562 2423 672 2490 ἀεικέα
694 2428 908 2509 μερμηρίζων.

133 2531 193 2596 τὸν
216 2529 247 2595 δ’
274 2531 335 2596 οὐκ
358 2528 457 2596 εἰδότ’
484 2533 627 2612 ὄλεθρον
651 2531 794 2614 ἀνήγαγε
817 2530 872 2596 καὶ
894 2532 1098 2618 κατέπεφνεν

135 2637 339 2720 δειπνίσσας,
363 2637 408 2714 ὥς
429 2640 479 2714 τίς
501 2661 535 2702 τε
558 2635 733 2703 κατέκτανε
755 2641 840 2720 βοῦν
863 2637 916 2704 έπὶ
939 2641 1057 2726 φάτνη.
1092 2657 1143 2706 535

134 2743 217 2810 οὐδέ
237 2768 286 2820 τις
305 2741 474 2828 Ἀτρεΐδεω
499 2742 625 2828 ἑτάρων
648 2741 772 2827 λίπεθ’,
796 2746 831 2810 οἵ
851 2745 887 2809 οἰ
907 2744 1041 2827 ἕποντο,

135 2848 217 2915 οὐδέ
237 2873 286 2926 τις
308 2852 496 2932 Αἰγίσθου,
520 2847 592 2915 ἀλλ’
618 2852 759 2915 ε”κταθεν
781 2850 819 2915 έν
841 2852 1055 2936 μεγάροισιν.6

18 2943 24 2964 ’
179 2951 223 3032 ὧς
246 2953 353 3039 ἔφατ’,
378 2956 481 3040 αὐτὰρ
506 2955 582 3040 έμοί
601 2979 638 3038 γε
661 2957 868 3039 κατεκλάσθη
892 2959 994 3041 φίλον
1015 2951 1111 3042 ἦτορ,

133 3067 250 3127 κλαῖον
274 3059 303 3126 δ’
331 3061 367 3127 έν
389 3063 576 3146 ψαμάθοισι
598 3064 800 3145 καθήμενος,
823 3061 906 3128 οὐδέ
925 3063 969 3126 νύ
991 3087 1048 3146 μοι
1068 3073 1130 3149 κῆρ

134 3165 228 3252 ἤθελ’
255 3171 301 3233 ἔτι
326 3168 418 3246 ζώειν
441 3165 495 3233 καὶ
518 3166 600 3251 δρᾶν
623 3168 709 3251 φάος
731 3167 864 3250 ήελίοιο.
1091 3185 1143 3235 540

134 3275 237 3358 αὐτάρ
261 3272 331 3339 ἐπεὶ
353 3277 477 3338 κλαίων
498 3296 532 3338 τε
556 3274 791 3357 κυλινδόμενός
813 3296 848 3338 τε
871 3273 1053 3359 κορέσθην,

135 3383 177 3465 δὴ
199 3384 271 3446 τότε
294 3403 333 3464 με
356 3379 528 3464 προσέειπε
551 3378 658 3463 γέρων
682 3379 773 3454 ἀλιος
795 3383 971 3464 νημερτής·

135 3485 273 3572 ιμηκέτι,
293 3484 422 3571 Ἀτρέος
443 3485 499 3552 υἰέ
501 3533 510 3566 ,
533 3488 640 3550 πολὺν
658 3487 782 3568 χρόνον
805 3483 938 3560 ἀσκελὲς
961 3485 1066 3560 οὕτως
