2642 3917
499 176 707 228 ΟΔΤΣΣΕΙΑΣ
725 178 772 228 vl.

124 319 145 401 ή
171 317 207 383 οἴ
226 318 378 402 ὁμηλικίη
402 315 463 402 μὲν
486 321 560 402 έην,
583 320 756 404 κεχάριστο
781 314 818 384 δέ
840 326 948 406 θυμῷ.

124 433 163 509 τῇ
187 448 246 507 μιν
269 423 441 508 ἐεισαμένη
465 423 616 508 προσέφη
639 430 827 508 γλαυκῶπις
846 419 985 508 Ἀθήνη·

126 531 340 613 ,,Ναυσικάα,
363 533 398 596 τί
413 532 456 595 νύ
475 529 506 596 σ’
529 525 594 596 ὧδε
613 534 787 615 μεθήμονα
805 533 936 613 γείνατο
955 532 1076 614 μήτηρ;
1101 544 1135 593 25

125 636 241 720 εἵματα
263 635 326 719 μέν
347 660 399 702 τοι
422 648 526 702 κεῖται
549 635 673 720 ἀκηδέα
696 640 906 720 σιγαλόεντα,

125 739 179 807 σοὶ
203 738 239 807 δέ
261 743 365 826 γάμος
388 743 508 826 σχεδόν
531 743 636 825 ἐστιν,
659 743 717 808 ἵνα
739 743 800 828 χρὴ
824 743 908 807 καλὰ
930 737 991 826 μὲν
1014 738 1118 821 αὐτήν

125 847 303 931 ἕννυσθαι,
326 849 366 913 τά
391 846 427 915 δὲ
449 861 536 914 τοῖσι
558 860 755 934 παρασχεῖν,
779 850 815 915 ολ
834 847 874 914 κέ
893 842 925 914 σ’
951 848 1109 928 ἄγωνται·

126 953 161 1019 ἐκ
184 955 247 1038 γάρ
269 977 321 1018 τοι
344 955 472 1018 τούτων
496 955 593 1037 φάτις
617 954 818 1038 ἀνθρώπους
841 953 1013 1036 ἀναβαίνει

126 1057 246 1142 ἐσθλή,
269 1062 445 1144 χαίρουσιν
468 1055 505 1124 δὲ
527 1060 633 1142 πατήρ
655 1057 711 1124 καὶ
733 1061 852 1124 πότνια
874 1059 989 1142 μήτηρ.
1099 1071 1134 1120 σο

127 1161 199 1230 ἀλλ’
226 1172 320 1250 ἴομεν
342 1162 546 1231 πλυνέουσαι
569 1160 623 1249 ἀμ’
649 1165 708 1248 ήοῑ
728 1163 990 1250 φαινομένηφιν·

126 1273 184 1337 καί
203 1295 256 1337 τοι
279 1270 343 1354 ἐγὼ
367 1271 547 1358 συνέριθος
569 1265 624 1355 ἅμ’
651 1271 786 1357 ἕψομαι,
810 1272 899 1355 ὄφρα
920 1270 1056 1353 τάχιστα

127 1375 293 1459 ἐντύνεαι,
317 1375 386 1442 ἐπεὶ
409 1378 524 1443 οὔτοι
549 1378 596 1442 ἐτι
620 1377 683 1459 δήν
704 1373 873 1460 παρθένος
895 1378 1019 1440 ἔσσεαι·

127 1483 191 1566 ήδη
214 1483 277 1568 γάρ
302 1500 338 1548 σε
361 1494 508 1567 μνῶνται
532 1482 684 1568 ἀριστῆες
705 1483 788 1547 κατδι
811 1483 917 1565 δῆμον

127 1588 261 1652 πάντων
283 1590 453 1670 Φαιήκων,
477 1588 535 1653 ὅθι
557 1611 609 1653 τοι
632 1586 728 1670 γένος
751 1586 820 1653 ἐστὶ
843 1584 898 1652 καὶ
920 1587 1012 1672 αὐτῇ.
1103 1602 1137 1651 36

128 1692 200 1760 ἀλλ’
227 1693 279 1777 ἄγ’
307 1693 490 1779 ἐπότρυνον
512 1693 635 1778 πατέρα
658 1696 780 1760 κλυτὸν
802 1694 891 1776 ήῶθι
912 1696 977 1778 πρὸ

128 1799 287 1883 ἡμιόνους
308 1795 364 1862 καὶ
387 1798 513 1883 άμαξαν
536 1799 729 1882 ἐφοπλίσαι,
752 1799 773 1882 ή
795 1823 853 1864 κεν
876 1799 997 1883 ἀγησιν

130 1906 255 1992 ζῶστρά
277 1931 312 1973 τε
334 1905 390 1972 καὶ
412 1906 558 1985 πέπλους
579 1907 635 1973 καῖ
658 1906 760 1992 ῥήγεα
783 1910 986 1990 σιγαλόεντα.

129 2009 185 2076 καὶ
209 2008 244 2076 δῖ
269 2011 329 2077 σολ·
346 2007 404 2077 ὧδ’
432 2013 514 2098 αὐτῇ
537 2016 623 2078 πολὺ
645 2012 782 2078 κάλλιον
804 2008 841 2094 ήὲ
863 2013 1023 2077 πόδεσσιν

130 2119 299 2202 ἔρχεσθαι·
322 2119 447 2183 πολλὸν
469 2119 533 2203 γάρ
557 2118 620 2183 ἀπὸ
643 2119 767 2183 πλυνοί
786 2118 851 2182 εἰσι
872 2119 1026 2200 πόληος.“
1104 2136 1138 2183 40

174 2223 194 2305 ἡ
219 2219 279 2307 μέν
303 2221 354 2307 ἀρ’
382 2218 426 2300 ὧς
448 2221 575 2289 εἴποῦσ’
603 2223 707 2306 ἀπέβη
730 2227 919 2306 γλαυκῶπις
938 2217 1062 2307 Ἀθήνη

133 2323 360 2412 Οὐλυμπόνδ’,
384 2329 442 2394 όθι
464 2328 547 2414 φασλ
569 2334 662 2394 θεῶν
684 2328 759 2406 ἕδος
782 2326 927 2414 ἀσφαλὲς
949 2328 1014 2394 αἴελ

131 2436 276 2517 ἐμμεναι.
323 2428 393 2498 οὔτ’
420 2432 570 2518 ἀνέμοισι
592 2436 780 2500 τινάσσεται
803 2437 879 2500 οὔτε
901 2430 974 2500 ποτ’
999 2436 1112 2524 ὄμβρῳ

132 2540 263 2604 δεύεται
286 2540 361 2604 οὔτε
385 2541 466 2624 χιὼν
489 2538 712 2622 ἐπιπίλναται,
736 2540 818 2605 ἀλλὰ
840 2537 916 2623 μάλ’
942 2545 1044 2624 αἴθρη

132 2643 290 2709 πέπταται
314 2644 489 2731 ἀνέφελος,
512 2646 612 2729 λευκή
637 2644 668 2710 δ’
695 2645 911 2731 ἐπιδέδρομεν
934 2651 1045 2729 αἴγλη·
1105 2665 1138 2711 45

132 2761 177 2840 τῷ
201 2754 251 2816 ένι
274 2751 447 2837 τέρπονται
470 2752 612 2837 μάκαρες
633 2749 710 2817 θεολ
731 2753 838 2836 ήματα
860 2753 975 2818 πάντα.

133 2854 205 2922 ἐνθ’
233 2856 335 2940 ἀπέβη
359 2861 562 2940 γλαυκῶπις,
585 2856 655 2922 ἐπεὶ
679 2856 878 2942 διεπέφραδε
900 2860 1013 2945 κούρη.

178 2963 294 3029 αὐτίκα
318 2957 348 3028 δ’
371 2962 456 3040 Ἠὼς
478 2959 584 3046 ἦλθεν
608 2964 786 3048 ἐύθρονος,
808 2964 830 3047 ή
853 2989 911 3048 μιν
934 2969 1060 3050 ἔγειρεν

133 3069 331 3135 Ναυσικάαν
354 3069 530 3135 ἐύπεπλον·
553 3071 643 3155 ἀφαρ
668 3068 698 3135 δ’
725 3068 934 3154 άπεθαύμασ’
960 3072 1107 3156 ὄνειρον,

133 3179 175 3260 βη
201 3173 231 3241 δ’
259 3173 343 3240 ἴέναι
367 3175 422 3239 διὰ
445 3172 590 3259 δώμαθ’,
614 3169 658 3239 ἵν’
686 3173 845 3256 ἀγγείλειε
867 3183 1036 3258 τοκεῦσιν,
1105 3193 1138 3241 50

134 3279 233 3367 πατρὶ
255 3285 342 3368 φίλφ
365 3280 420 3346 καλ
442 3284 554 3366 μητρί·
577 3283 732 3364 κιχήσατο
756 3277 787 3345 δ’
813 3281 912 3346 ἔνδον
935 3281 1056 3360 ἐόντας.

134 3389 155 3471 ή
179 3385 239 3472 μὲν
262 3383 311 3453 ἐπ’
338 3387 458 3474 ἐσχάρη
482 3381 562 3470 ήστο
587 3389 651 3451 σὺν
675 3384 892 3469 ἀμφιπόλοισι
913 3385 1064 3468 γυναιξὶν

135 3495 279 3578 ήλάκατα
302 3491 476 3578 στρωφῶσ’
504 3491 729 3577 ἁλιπόρφυρα·
760 3501 805 3579 τῷ
830 3488 866 3556 δὲ
887 3493 1010 3575 θύραζε
