2642 3917
553 208 745 263 SUMMARIA
1088 207 1152 261 XIX

150 376 325 451 nuptiarum
344 379 496 436 ostentans
520 376 557 435 ab
580 376 640 435 illis
664 376 720 436 sibi
742 396 867 436 munera
888 376 1022 453 deposcit
1040 395 1074 434 ac
1092 376 1152 433 sta·

150 463 206 522 tim
241 465 356 525 collate
392 465 501 542 accipit
530 457 744 547 (244-303).
793 466 912 525 Interea
942 464 1044 523 Ulixes
1075 463 1153 522 inter

150 572 266 631 procos,
291 553 344 630 qui
366 554 469 614 solitos
492 554 579 613 ludos
601 554 632 612 in
655 557 773 614 noctem
795 555 934 631 trahunt,
956 570 1111 612 remanens
1134 572 1152 611 a

150 640 301 702 Melantho
325 642 435 701 ancilla
462 642 626 701 maledictis
653 646 793 721 vexatur,
816 643 853 702 ab
875 642 1064 719 Eurymacho
1086 641 1152 699 irri-

150 729 238 789 detur
264 732 295 790 et
321 730 449 791 scabello
477 731 591 807 petitur
613 723 827 813 (304-404).
873 731 1005 791 Tandem
1028 749 1047 789 a
1069 730 1152 789 Tele·

149 820 253 879 macho
276 818 383 879 moniti
406 838 492 879 suam
514 818 641 895 quisquc
664 819 785 880 domum
808 821 920 879 abeunt
938 811 1151 902 (cos-428).

608 1008 693 1073 XIX.

215 1119 329 1179 Eadem
345 1124 441 1184 ‚noete
468 1121 570 1180 Ulixes
597 1124 628 1181 et
654 1121 849 1181 Telemachus
879 1122 1069 1198 praelucente
1098 1120 1152 1178 Mi-

149 1227 240 1268 nerva
277 1228 359 1268 arma
395 1210 495 1269 omnia
531 1210 562 1268 in
598 1210 781 1287 superiorem
811 1213 927 1286 partem
959 1209 1078 1269 aedium
1110 1227 1152 1268 se·

149 1300 278 1376 ponunt,
300 1318 337 1357 ne
357 1298 429 1374 quid
448 1299 501 1358 teli
520 1301 575 1357 aut
593 1298 771 1358 munimenti
787 1298 885 1375 procis
908 1298 946 1357 ad
968 1318 1091 1357 manum
1114 1298 1154 1355 sit

150 1377 306 1467 (1-46);
327 1389 394 1445 tum
411 1386 475 1464 ipse
498 1388 579 1447 solus
598 1406 667 1446 cum
684 1388 832 1463 Penelope
849 1388 964 1447 confert
980 1406 1153 1465 sermonem,

149 1474 181 1532 in
213 1494 273 1550 quo
306 1474 416 1534 similia
446 1477 483 1534 ut
514 1495 609 1552 nuper
643 1477 682 1535 ad
712 1476 878 1535 Eumaeum
910 1473 1153 1553 comminiscitur,

149 1561 267 1622 Ulixem
297 1563 329 1622 in
361 1562 450 1623 Creta
486 1565 566 1641 apud
602 1582 632 1623 se
668 1564 799 1641 hospitio
835 1565 1023 1624 deversatum
1058 1563 1153 1642 fingit,

150 1651 242 1710 etiam
274 1652 418 1711 uestitum
450 1652 515 1711 eius
547 1655 578 1712 et
609 1652 671 1712 alia
702 1655 740 1712 ad
770 1651 858 1711 fidem
889 1652 1054 1712 faciendam
1085 1671 1153 1712 vere

151 1740 298 1818 describit,
322 1741 448 1816 denique
471 1742 553 1800 iurat
575 1760 606 1801 se
624 1742 706 1817 apud
728 1742 908 1817 Thesprotos
931 1741 967 1800 de
984 1741 1153 1818 propinquo

151 1827 249 1887 reditu
267 1829 362 1906 ipsius
381 1829 530 1890 audivisse
554 1821 747 1911 (ca—307).
792 1829 949 1890 Delectata
970 1830 1017 1888 his
1040 1829 1154 1888 nuntiis

151 1917 297 1993 Penelope
332 1918 490 1994 hospitalis
522 1917 612 1979 officii
643 1936 735 1977 cansa
766 1918 794 1977 ei
824 1918 913 1995 pedes
945 1917 1027 1977 ablui
1058 1918 1154 1994 iubet3

152 2006 233 2082 quod
249 2005 321 2064 dum
339 2006 413 2066 facit
429 2008 578 2083 Euryclea
595 2007 706 2084 nutrix,
725 2007 762 2066 ab
781 2006 965 2083 caprimum
983 2007 1156 2085 agnoscitur

151 2113 188 2153 ex
209 2094 359 2173 cicatrice,
388 2113 479 2171 quam
501 2096 532 2154 in
555 2096 702 2156 Parnasso
730 2096 881 2172 quondam
902 2113 1014 2155 venans
1036 2114 1154 2171 accepe-

151 2184 212 2259 rat,
235 2183 286 2242 sed
309 2186 424 2243 coercet
445 2184 549 2243 statim
571 2183 742 2261 mulierem,
764 2204 801 2243 ne
825 2184 897 2259 quid
919 2184 1001 2242 ultra
1029 2186 1156 2260 quaerat

151 2272 199 2331 vel
226 2272 340 2350 garriat
367 2264 581 2354 (308—507).
627 2272 709 2331 Ulixi
734 2272 840 2332 dehinc
865 2272 972 2351 ignara
997 2272 1041 2332 rei
1063 2273 1155 2332 Pene-

151 2360 219 2435 lope
247 2359 414 2420 ominosum
442 2361 477 2420 de
503 2361 611 2421 reduce
638 2381 706 2420 mcx
733 2361 859 2440 coniuge
882 2360 1030 2421 somnium
1052 2363 1155 2421 narrat

152 2440 371 2531 (scs-553),
390 2448 439 2507 cui
457 2452 556 2508 tamen
571 2469 631 2509 non
645 2449 719 2509 satis
733 2449 843 2511 confisa
857 2449 978 2526 exponit
991 2468 1022 2509 se
1035 2454 1154 2526 postero

151 2536 199 2595 die
221 2537 318 2613 procis
341 2539 490 2598 certamen
508 2538 679 2597 oblaturam
697 2542 788 2615 atque
807 2539 843 2616 ei,
866 2537 919 2615 qui
937 2538 1034 2597 Ulixis
1052 2558 1154 2598 arcum

150 2625 292 2685 facillime
314 2625 476 2685 intenderit
498 2626 678 2704 sagittisque
696 2626 845 2686 destinata
863 2626 989 2704 ferierit,
1012 2627 1153 2687 continuo

150 2718 313 2790 nupturam
336 2732 399 2773 esse
423 2705 636 2796 (sse—581).
683 2715 769 2785 Quod
785 2715 943 2776 consilium
961 2734 1030 2775 cnm
1048 2735 1153 2792 appro-

149 2803 234 2862 bavit
255 2802 349 2880 Ulixi,
373 2802 508 2862 cubitum
530 2803 584 2861 illa
606 2803 732 2863 discedit
754 2795 966 2885 (ssa-604).

617 3009 686 3074 XX.

215 3120 296 3179 Ulixi
328 3121 380 3179 diu
412 3120 555 3180 insomnis
584 3141 657 3200 nox,
686 3122 863 3181 ancillarum
889 3122 1016 3181 lascivos
1043 3121 1154 3181 discur-

149 3227 201 3267 sus
228 3209 477 3270 animadvertenti
504 3212 534 3268 et
560 3229 718 3286 procorum
745 3211 864 3270 caedem
894 3210 980 3269 anxie
1009 3210 1154 3288 cogitanti

150 3289 306 3379 (1-30).
357 3297 490 3357 Tandem
521 3298 677 3358 confirmat
708 3318 777 3358 cum
807 3298 943 3358 Minerva
978 3302 1009 3358 et
1041 3302 1156 3358 recreat

149 3404 262 3465 somno,
281 3406 316 3447 ex
335 3406 395 3463 quc
414 3386 554 3446 lamentis
572 3387 738 3464 Penelopae
757 3388 904 3447 excitatus
925 3407 943 3446 a
961 3387 1031 3448 Iove
1054 3388 1155 3446 fausta

148 3474 249 3534 omina
266 3476 364 3552 poscit
382 3478 473 3552 etque
492 3467 808 3557 accipit(31-121).
843 3476 930 3535 Mane
949 3475 1033 3553 regia
1050 3475 1155 3533 domus

148 3567 275 3624 ornatur
301 3583 385 3624 sacro
412 3564 581 3640 Apollinari
609 3584 703 3625 novae
731 3566 834 3644 lunae,
861 3565 933 3623 dum
960 3562 1155 3622 Telemachus

961 3659 997 3713 b*
