2642 3917
513 217 721 268 οεεῑειιιεε
739 217 770 267 v.
1106 183 1150 279 γι

140 360 242 443 αὔδα,
266 359 284 424 δ
307 383 339 425 τι
362 359 529 444 φρονέεις·
551 359 680 425 τελέσαι
704 359 743 425 δέ
764 382 802 442 με
825 360 935 442 θυμὸς
956 359 1101 444 ἄνωγεν,

140 468 171 530 εί
192 467 336 549 δύναμαι
357 464 486 531 τελέσαι
510 465 625 549 γεκαὶ
648 468 681 530 εί
700 462 932 548 τετελεσμένον
955 463 1054 530 ἐστίν.
1118 483 1152 532 00

142 570 227 654 [ἀλλ’
252 572 329 638 ἕπεο
352 571 516 657 προτέρω,
540 572 596 636 ἵνα
618 594 671 637 τοι
692 571 760 656 πάρ
783 572 888 650 ξείνια
909 572 1039 652 θείω.]“

184 674 229 755 ὥς
251 680 314 764 ἀρα
338 681 521 762 φωνήσασα
543 679 608 744 θεὰ
630 674 800 762 παρέθηκε
822 677 984 762 τράπεζαν

141 783 322 870 ἀμβροσίης
344 787 512 868 πλήσασα,
534 782 675 868 κέρασσε
698 779 736 848 δέ
757 781 876 866 νέκταρ
900 781 1061 868 ἐρυθρόν·

140 890 244 975 αὐτὰρ
267 890 285 956 ὁ
308 901 383 955 πῖνε
404 887 461 966 καὶ
482 883 568 972 ήσθε
591 890 765 975 διάκτορος
789 888 1017 974 ἀργεϊφόντης.

141 995 245 1080 αὐτὰρ
269 994 339 1062 ἐπεὶ
363 997 518 1078 δείπνησε
540 992 596 1060 καὶ
618 997 721 1081 ήραρε
743 995 857 1078 θυμὸν
879 993 1003 1079 ἐδωδῇ,
1117 1010 1151 1059 00

139 1100 196 1167 καί
216 1105 290 1167 τότε
313 1103 355 1186 δή
377 1125 435 1186 μιν
458 1103 591 1167 ἔπεσσιν
614 1100 831 1185 ἀμειβόμενος
852 1097 1062 1185 προσέειπεν·

140 1210 300 1294 ,εἰρωτᾷς
323 1205 357 1291 μ’
384 1207 527 1272 ἐλθόντα
548 1206 614 1271 θεά
636 1209 736 1288 θεόν,
759 1205 864 1290 αὐτὰρ
887 1204 951 1288 ἐγώ
973 1227 1027 1271 τοι

139 1312 324 1399 νημερτέως
346 1315 405 1378 τὸν
427 1318 540 1397 μῦθον
563 1311 743 1393 ἐνισπήσω·
765 1309 875 1376 κέλεαι
897 1312 969 1397 γάρ.

141 1422 225 1496 Ζεὺς
247 1418 305 1505 ἐμέ
324 1417 356 1503 γ’
382 1419 504 1503 ήνώγει
528 1415 618 1502 δεῦρ’
645 1415 785 1500 ἐλθέμεν
808 1416 871 1482 οὐκ
893 1415 1067 1483 ἐθέλοντα·

139 1529 189 1603 τίς
212 1523 242 1591 δ’
268 1524 310 1591 ἂν
332 1524 417 1591 ἑκὼν
440 1524 600 1590 τοσσόνδε
624 1523 801 1607 διαδράμοι
820 1520 970 1608 ἁλμυρὸν
987 1522 1080 1607 ὕδωρ
1101 1539 1151 1588 100

140 1633 296 1710 ἀσπετον;
321 1630 404 1697 οὐδέ
423 1655 472 1708 τις
495 1631 571 1715 ἄγχι
594 1631 724 1713 βροτῶν
745 1630 855 1711 πόλις,
879 1629 969 1694 οἵτε
990 1633 1124 1694 θεοῖσιν

141 1738 212 1822 ίερά
234 1761 268 1804 τε
291 1736 423 1823 ῥέζουσι
444 1735 500 1801 καὶ
523 1734 671 1814 ἐξαίτους
692 1732 881 1818 ἑκατόμβας.

141 1844 223 1910 ἀλλὰ
245 1842 319 1928 μάλ’
346 1843 388 1909 οὕ
410 1864 480 1920 πως
503 1844 573 1907 ἐστι
595 1841 680 1917 Διὸς
700 1841 783 1905 νόον
805 1842 968 1924 αἰγιόχοιο

141 1951 216 2015 οὔτε
238 1949 456 2035 παρεξελθεῖν
479 1950 581 2013 ἀλλον
603 1947 687 2012 θεὸν
710 1944 788 2012 οὔθ’
815 1945 961 2012 ἁλιῶσαι.

141 2060 227 2142 φησί
245 2080 297 2122 τοι
320 2057 427 2141 ἄνδρα
449 2065 602 2138 παρεῖναι
626 2052 846 2137 ὀιζυρώτατον
869 2053 994 2134 ἀλλων,
1100 2067 1150 2117 100

140 2175 207 2230 τῶν
230 2162 379 2248 ἀνδρῶν,
402 2164 438 2227 οἳ
458 2161 541 2225 ἄσιν
563 2158 638 2241 πέρι
663 2159 829 2244 Πριάμοιο
852 2158 995 2242 μάχοντο

143 2271 313 2354 [είνάετες,
338 2267 462 2354 δεκάτη)
486 2261 523 2330 δὲ
545 2267 643 2330 πόλιν
665 2261 844 2347 πέρσαντες
866 2264 991 2346 ἔβησαν

141 2373 260 2443 οἴκαδ’·
284 2375 365 2460 ἀτάρ
388 2373 425 2438 ἐν
446 2373 554 2458 νόστῳ
574 2367 757 2453 Ἀθηναίην
779 2368 947 2452 ἀλίτοντο,

141 2485 162 2566 ή
185 2499 268 2567 σφιν
291 2476 411 2566 ἐπῶρσ’
438 2479 561 2562 ἄνεμόν
582 2498 618 2541 τε
640 2477 743 2541 κακὸν
765 2472 821 2540 καὶ
842 2475 970 2559 κύματα
993 2475 1109 2559 μακρά

142 2585 214 2654 ἐνθ’
241 2589 336 2652 ἄλλοι
358 2582 420 2670 μέν
441 2584 561 2659 πάντες
584 2580 777 2665 ἀπέφθιθεν
799 2578 916 2646 ἐσθλοὶ
939 2578 1073 2664 ἑταῖροι,
1099 2596 1149 2646 110

141 2692 245 2761 τόνδ’
267 2694 331 2778 ἀρα
350 2688 441 2777 δεῦρ’
463 2691 582 2774 ἄνεμός
599 2711 635 2753 τε
654 2685 767 2773 φέρων
783 2685 840 2752 καὶ
857 2695 945 2770 κῦμα
962 2685 1148 2767 πέλασσεν]

141 2803 200 2868 τὸν
222 2809 287 2865 νῦν
309 2796 340 2863 σ’
366 2798 509 2881 ήνώγειν
533 2790 764 2877 ἀποπεμπέμεν
786 2792 855 2857 ὅττι
878 2793 1026 2877 τάχιστα·

142 2906 183 2973 οὐ
206 2907 268 2991 γάρ
292 2904 327 2970 ολ
346 2901 418 2989 τῇδ’
445 2897 522 2967 αίσα
546 2903 654 2984 φίλων
678 2898 866 2982 ἀπονόσφιν
890 2897 1042 2980 ὀλέσθαι,

143 3012 214 3080 ἀλλ’
240 3015 289 3077 ἔτι
311 3011 346 3075 οί
365 3005 454 3094 μοῖρ’
481 3003 550 3073 ἐστὶ
574 3008 694 3089 φίλους
715 3001 745 3068 τ’
772 3003 874 3069 ἰδέειν
896 3002 951 3068 καὶ
975 3001 1106 3068 ίκέσθαι

142 3116 236 3186 οἶκον
258 3117 291 3194 ἐς
313 3115 489 3199 ὑψόροφον
511 3109 566 3177 καὶ
590 3110 648 3194 έήν
670 3108 704 3186 ἐς
724 3111 867 3193 ’πατρίδα
888 3110 1020 3192 γαίαν.“
1099 3125 1148 3174 115

186 3221 231 3301 ὥς
252 3223 353 3308 φάτο,
376 3220 512 3306 βίγησεν
535 3213 572 3283 δέ
594 3215 743 3292 Καλυψὼ
766 3215 822 3280 δῖα
843 3215 973 3297 θεάων,

142 3335 200 3397 καί
219 3353 276 3414 μιν
299 3323 469 3413 φωνήσασ’
495 3326 573 3389 ἔπεα
594 3323 772 3407 πτερόεντα
794 3321 981 3405 προσηύδα·

142 3435 310 3522 ,σχέτλιοί
330 3433 417 3514 ἐστε,
439 3433 530 3513 θεοί,
554 3431 731 3512 ζηλήμονες
754 3426 868 3510 ἔξοχον
891 3426 1016 3507 ἄλλων,

142 3544 232 3609 οἵτε
254 3545 350 3616 θεαῖς
373 3537 521 3621 ἀγάασθε
543 3532 621 3620 παρ’
648 3533 811 3618 ἀνδράσιν
834 3531 1030 3608 εὐνάζεσθαι
