2642 3917
153 191 218 255 180
524 191 732 244 οΔνΣειιιεΣ
750 190 785 242 Δ.

151 329 239 412 εἰδός
260 358 296 400 τε
319 332 460 418 μέγεθός
482 356 516 398 τε
542 329 592 399 ἰδέ
615 330 740 417 φρένας
762 333 863 398 ἔνδον
885 331 994 410 έίσαςς

152 438 258 519 ξεῖνος
281 435 312 506 δ’
337 434 409 506 αὖτ’
435 438 512 524 ἐμός
534 436 639 521 έστιν,
663 436 798 515 ἕκαστος
820 433 853 503 δ’
877 440 998 523 ἔμμορε
1020 446 1130 522 τιμῆς·

150 554 196 632 τῷ
220 546 263 629 μή
287 544 493 629 ἐπειγόμενοι
515 542 736 628 ἀποπέμπετε,
759 539 843 629 μηδὲ
864 543 905 608 τὰ
928 543 1017 629 δῶρα

152 650 238 718 οὕτω
261 654 427 738 χρηίζοντι
449 651 617 716 κολούετε·
640 649 832 735 πολλὰγὰρ
854 648 935 734 ὑμῖν
1094 655 1166 714 '³40

150 753 287 842 κτήματ’
311 755 362 823 ἰνί
385 757 558 842 μεγάροισι
579 761 672 820 θεῶν
696 757 800 839 ἰότητι
822 754 987 821 κέονται.“

194 873 282 928 τοῖσι
306 858 342 928 δέ
364 859 420 928 καί
442 860 587 946 μετέειπε
609 855 719 945 γέρών
740 861 829 946 ήρως
848 854 1013 945 Ἐχένηος,

153 967 202 1050 [ὃς
226 968 267 1052 δή
293 967 450 1053 Φαιήκων
472 967 606 1052 ἀνδρῶν
628 966 886 1053 προγενέστερος
907 963 995 1052 ήεν·]

151 1069 201 1156 „ab
224 1075 332 1158 φίλοι,
356 1072 397 1139 οὐ
420 1073 486 1157 μάν
508 1067 589 1157 ήμιν
612 1071 676 1138 ἀπὸ
699 1082 827 1139 σκοποῦ
849 1068 923 1139 οὐδ’
949 1072 1014 1139 ἀπὸ
1038 1073 1136 1158 δόξης

151 1183 307 1262 μυθεῖται
329 1181 480 1263 βασίλεια
503 1181 691 1264 περίφρων·
714 1177 798 1244 ἀλλὰ
819 1180 973 1245 πίθεσθε.
1113 1195 1165 1245 εει

148 1279 320 1350 Ἀλκινόου
343 1278 374 1349 δ’
400 1278 554 1350 ἐκτοῦδ’
579 1285 686 1368 ἔχεται
708 1285 809 1368 ἔργον
830 1306 866 1349 τε
889 1286 966 1361 ἔπος
987 1285 1055 1349 τε.“

196 1391 256 1455 τὸν
279 1384 311 1454 δ’
336 1384 408 1456 αὖτ’
431 1383 599 1466 ’Λλκίνοος
622 1387 820 1475 ἀπαμείβετο
843 1388 1000 1477 φώνησέν
1022 1411 1071 1456 τε·

151 1503 272 1578 ,τοῦτο
295 1490 356 1578 μέν
378 1493 465 1560 οὕτω
488 1493 530 1579 δή
554 1496 645 1561 ἔσται
668 1496 761 1578 ἔπος,
783 1501 824 1560 αἰ
841 1519 899 1562 κεν
922 1496 986 1580 ἐγώ
1008 1519 1047 1579 γε

153 1602 232 1680 ζωὸς
258 1597 438 1684 Φαιήκεσσι
460 1597 714 1685 φιληρέτμοισιν
737 1596 884 1666 ἀνάσσω·

152 1707 259 1786 ξεῖνος
281 1701 319 1771 δὲ
340 1704 445 1790 τλήτω
470 1706 557 1790 μάλα
579 1727 640 1792 περ
663 1708 798 1772 νόστοιο
820 1709 959 1791 χατίζων
1112 1723 1164 1773 εσυ

151 1815 254 1896 ἔμπης
277 1805 339 1878 οὖν
361 1810 524 1896 ἐπιμεῖναι
547 1809 580 1888 ές
603 1811 738 1896 αὔριον,
761 1813 809 1889 εἰς
831 1812 850 1876 ὅ
871 1836 908 1878 κε
930 1823 1041 1878 πᾶσαν

152 1919 296 2001 δωτίνην
317 1915 447 1982 τελέσω.
492 1919 605 2001 πομπή
629 1911 660 1982 δ’
686 1917 844 2002 ἄνδρεσσι
864 1917 999 2003 μελήσει

151 2031 247 2105 πᾶσι,
265 2023 406 2107 μάλιστα
425 2017 456 2088 δ’
477 2021 564 2107 έμοί·
581 2031 643 2089 τοῦ
660 2023 725 2108 γὰρ
742 2024 863 2109 κράτος
880 2018 947 2089 ἔστ’
968 2023 1018 2090 ένί
1037 2024 1164 2115 δήμφ.“

194 2129 254 2194 τὸν
275 2123 306 2193 δ’
328 2129 590 2214 ἀπαμειβόμενος
606 2127 757 2214 προσέφη
776 2129 958 2214 πολύμητις
973 2125 1165 2209 Ὀδυσσεύς·

152 2229 316 2317 ,Ἀλκίνοε
338 2245 466 2321 κρεῖον,
488 2236 623 2300 πόντων
646 2234 825 2321 ἀριδείκετε
848 2240 955 2319 λαῶν,
1112 2254 1164 2303 εοο

152 2346 186 2405 εἰ
205 2363 244 2424 με
266 2337 322 2405 καί
345 2341 392 2417 εἰς
415 2340 567 2407 ἐνιαυτὸν
590 2334 745 2422 ἀνώγοιτ’
770 2340 892 2406 αὐτόθι
914 2344 1061 2427 μίμνειν,

151 2445 286 2529 πομπήν
309 2440 338 2510 δ’
365 2445 534 2532 ότρόνοιτε
556 2443 612 2512 καί
634 2444 741 2528 ἀγλαὰ
763 2447 855 2532 δῶρα
877 2446 1018 2530 διδοῖτε,
1081 2488 1084 2495 ,

150 2552 210 2615 καί
228 2573 264 2615 κε
286 2551 324 2615 τὸ
346 2552 544 2635 βουλοίμην,
567 2553 627 2616 καί
645 2574 704 2616 κεν
725 2554 812 2616 πολὺ
834 2549 969 2637 κέρδιον
991 2558 1053 2637 εἰη,

151 2653 323 2741 πλειοτέρη
346 2659 410 2722 σὺν
431 2654 517 2743 χειρί
539 2660 643 2741 φίλην
666 2655 699 2733 ές
721 2651 851 2742 πατρίδ’
877 2655 1023 2722 ίκέσθαι·

151 2762 210 2825 καί
228 2753 259 2827 κ’
284 2761 487 2847 αἰδοιότερος
509 2761 743 2848 καί-φίλτερος
765 2762 928 2849 ἀνδράσιν
950 2769 1024 2847 εῖην
1111 2781 1164 2830 τοο

151 2875 268 2949 πᾶσιν,
292 2865 366 2932 όσοι
388 2861 421 2951 μ’
443 2861 614 2951 Ἰθάκηνδε
639 2868 766 2933 ἰδοίατο
788 2866 1029 2952 νοστήσαντα.“

195 2972 255 3039 τὸν
278 2966 308 3037 δ’
334 2966 409 3038 αὖτ’
432 2966 598 3048 ’Λλκίνοος
620 2972 818 3057 ἀπαμείβετο
841 2972 998 3058 φώνησέν
1018 2994 1069 3040 τε·
1111 3013 1114 3018 -

151 3074 200 3162 „h
221 3073 376 3160 Ὀδυσεῦ,
399 3079 436 3143 τὸ
459 3073 520 3162 μέν
543 3077 643 3143 οὔτί
662 3073 696 3145 σ’
722 3078 875 3163 ἐίσκομεν
898 3080 1127 3165 εἰσορόωντες,

124 3211 126 3218 ·
151 3183 322 3268 ήπεροπήά
344 3177 373 3248 τ’
399 3185 476 3267 ἔμεν
499 3181 554 3248 κοιλ
576 3182 770 3268 ἐπίκλοπον,
794 3177 849 3251 οἷά
870 3208 906 3251 τε
927 3187 1072 3262 πολλοὺς

152 3291 265 3372 βόσκει
286 3298 365 3371 γαῖα
387 3286 525 3372 μέλαινα
550 3287 777 3376 πολυσπερέας
800 3288 1015 3375 ἀνθρώπους,
1112 3307 1165 3356 εσυ

152 3394 277 3468 υεόδεά
299 3387 328 3458 τ’
354 3392 573 3478 ἀρτύνοντας,
596 3394 679 3461 ὅθεν
700 3393 740 3460 κέ
758 3417 809 3472 τις
831 3392 911 3462 οὐδέ
934 3397 1054 3463 ῖδοιτο·

153 3496 207 3563 σολ
232 3494 263 3562 δ’
289 3500 342 3563 όπι
364 3494 425 3582 μέν
448 3500 560 3585 μορφή
584 3498 704 3583 ἐπέων,
726 3501 777 3565 ἔνι
800 3496 837 3566 δέ
860 3499 980 3587 φρένες
1002 3500 1129 3568 έσθλαά
