2642 3917
190 183 238 235 Xll
593 180 793 236 sonulam.

255 436 386 497 Concilio
410 437 533 496 deorum
551 437 663 496 iterum
675 342 761 496 iacto
781 439 888 514 agente
906 436 1041 495 Minerva
1058 435 1195 512 Iuppiter

188 524 367 585 Mercurium
394 524 491 583 mittit
515 526 553 584 ad
577 525 719 602 Calypso,
746 527 783 582 ut
805 524 923 583 Ulixem
950 543 986 583 ex
1012 524 1113 583 insula
1139 544 1194 583 sua
1304 557 1309 584 ι

189 613 270 672 abire
288 612 424 690 patiatm
438 606 586 693 (1-84).
610 612 774 689 Imperium
787 615 911 689 gravato
930 612 1041 689 accipit
1053 614 1193 691 nympha,

189 720 284 778 neque
311 704 413 761 tamen
439 695 603 761 detrectare
631 719 706 760 ausa
728 693 911 781 (85—147)
938 701 1058 760 heroem
1080 701 1194 761 dudum

188 789 304 866 patriae
327 789 471 849 desiderio
494 790 695 849 tabescentem
718 789 821 849 edocet
846 808 906 849 non
933 789 1044 849 morari
1066 808 1111 867 se,
1134 809 1193 866 quo
1302 831 1312 863 „

189 878 288 937 minus
307 878 410 937 statim
435 878 568 937 discedat
591 870 808 958 ule—2203
831 877 956 954 ipsaque
978 896 1103 953 propere
1126 897 1195 938 eum

189 966 314 1025 adiuvat
335 966 367 1024 in
389 966 563 1025 fabricanda
580 969 654 1043 rate,
678 984 739 1042 qua
756 966 883 1044 benigne
906 965 1046 1025 dimissus
1071 966 1194 1046 naviga·

190 1054 302 1113 tionem
325 1056 406 1115 solus
430 1054 605 1132 aggreditur
627 1046 840 1135 (are-281).
872 1054 1122 1132 Duodevigesimo
1146 1055 1193 1114 die

190 1142 402 1220 navigationis,
431 1163 499 1202 cum
526 1143 587 1202 iam
613 1143 784 1203 Phaeacum
811 1142 953 1219 insulam,
984 1142 1148 1221 Scheriam,
1178 1164 1193 1203 e

190 1230 354 1309 longinquo
369 1231 459 1308 videt,
480 1232 557 1292 forto
570 1232 799 1307 praetervehens
812 1231 972 1307 Neptunus
993 1231 1104 1291 excitat
1120 1235 1194 1291 tem-

190 1320 345 1396 postetam,
364 1338 441 1395 quae
459 1319 591 1378 trabium
604 1319 812 1398 compaginem
829 1318 967 1378 dissolvit
981 1313 1194 1402 (aea-332).

191 1406 249 1466 Sed
270 1406 334 1483 ipse
357 1407 442 1467 alveo
467 1407 542 1465 ratis
568 1408 712 1485 insidens,
739 1410 897 1468 ventorum
919 1407 1126 1484 fluctuumque
1149 1410 1194 1467 lu·

191 1494 328 1572 dibrium,
343 1494 575 1555 misericordiam
589 1496 660 1555 deae
675 1496 807 1555 marinae
824 1496 984 1574 experitur,
998 1495 1195 1575 Leucotheae,

192 1603 268 1660 quae
290 1583 318 1643 ei
344 1582 552 1643 redimiculum
574 1584 698 1659 praebet
719 1584 834 1660 pectori
856 1584 1081 1662 subligandum,
1110 1585 1194 1645 cuius

190 1672 303 1731 virtute
325 1672 444 1731 facilius
465 1672 497 1730 in
520 1674 632 1731 terram
654 1674 756 1732 enatet
793 1669 991 1748 sse-364).
1027 1673 1129 1749 Atque
1151 1674 1196 1733 ita
1305 1711 1314 1761 4

191 1760 325 1838 tandem,
352 1759 489 1837 quamvis
516 1761 660 1820 fremente
682 1760 837 1838 Neptuno,
860 1763 1047 1836 praesentem
1069 1765 1196 1822 mortem
1312 1765 1314 1773 “

191 1848 297 1927 effugit
319 1850 349 1909 et
371 1848 409 1907 ad
427 1848 596 1924 proximum
613 1848 687 1908 litus
705 1849 874 1907 Phaeacum
892 1849 992 1907 nudus
1011 1849 1119 1927 evadit,
1143 1850 1196 1909 ubi

191 1936 393 1997 semianimem
420 1936 518 1996 cubile
545 1936 625 1997 foliis
654 1939 784 1995 stratum
809 1936 927 2013 placido
955 1954 1058 1997 somno
1081 1941 1196 1998 recreat

191 2017 404 2105 (eoo-493).
668 2106 715 2171 VI

257 2201 426 2262 Phaeacum
448 2202 526 2281 regis
549 2201 668 2261 Alcinoi
690 2200 798 2278 filiam,
821 2200 1015 2278 Nausicaam,
1038 2221 1091 2277 per
1114 2203 1195 2279 quie·

191 2294 251 2349 tem
273 2290 358 2350 iubet
379 2290 514 2350 Minerva
536 2290 715 2350 vestimenta
733 2290 870 2349 lavatum
892 2291 969 2349 ferre
992 2290 1031 2349 ad
1053 2289 1126 2349 litus
1151 2291 1195 2349 in-

191 2380 287 2456 sulae,
318 2379 350 2438 in
383 2398 443 2455 quo
475 2378 577 2439 Ulixes
608 2378 810 2454 procubuerat
841 2369 988 2459 (1-47).
1040 2377 1076 2437 Id
1107 2379 1195 2440 facile

190 2466 381 2543 permittente
399 2469 484 2542 patre
503 2486 537 2526 ao
555 2466 726 2526 vehiculum
745 2466 903 2541 praebente
927 2484 1013 2525 mane
1038 2465 1112 2526 illuc
1130 2486 1195 2542 per-

190 2554 325 2632 vehitur,
356 2558 423 2613 tum
454 2574 542 2631 opere
573 2555 653 2613 facto
685 2554 793 2613 ludum
823 2556 939 2613 exercet
974 2573 1042 2613 cum
1078 2555 1196 2615 ancillis

191 2635 383 2724 (ts-109).
428 2643 472 2702 llo
503 2643 631 2719 strepitu
663 2642 810 2702 excitatus
841 2642 943 2701 Ulixes
979 2643 1106 2719 supplex
1141 2643 1195 2702 im·

191 2732 291 2807 plorat
307 2730 433 2809 virginis
451 2730 684 2791 misericordiam
699 2724 904 2808 erro-185)
923 2730 961 2789 ab
980 2748 1074 2806 eaque
1093 2732 1197 2791 atatim

190 2819 221 2878 in
244 2819 372 2878 tutelam
389 2823 527 2895 receptus
544 2819 674 2897 lavaero,
696 2821 787 2896 veste,
811 2818 876 2877 cibo
898 2820 1051 2878 recreatur
1073 2813 1196 2883 (186-

192 2902 285 2983 250):
317 2926 386 2968 mox
416 2907 575 2986 diligenter
606 2907 777 2967 admonitus
809 2925 878 2974 eum
912 2905 1029 2966 ancillis
1060 2908 1198 2985 sequitur

191 3015 312 3055 cunum
338 2996 490 3056 redeuntis
514 2998 548 3056 et
574 2996 726 3056 occidente
754 2995 815 3054 sole
842 2994 925 3054 venit
952 2994 991 3053 ad
1017 2994 1120 3055 lucum
1142 2996 1197 3055 Mi·

190 3103 306 3162 nervae,
330 3084 382 3161 qui
405 3087 475 3145 ante
497 3084 602 3144 urbem
624 3087 678 3160 est,
702 3083 754 3142 ubi
777 3081 924 3141 familiare
946 3082 1003 3141 sibi
1021 3103 1133 3143 numen
1151 3102 1197 3145 so·

190 3172 246 3231 lita
267 3172 458 3233 veneratione
480 3174 621 3250 precatur
639 3164 854 3253 (251-331).

255 3438 421 3515 Postquam
451 3436 615 3499 Nausicaa,
634 3341 756 3496 ddidlum
787 3435 929 3514 redierat,
957 3436 1038 3496 Ulixi
1070 3436 1198 3498 occurrit

190 3526 323 3586 Minerva
359 3526 390 3584 in
427 3525 574 3653 speeiem‘
590 3525 709 3602 puellae
741 3527 875 3602 mutata,
910 3526 1057 3601 illumque
1089 3526 1198 3585 nebula
