2642 3917
171 162 214 226 62
541 164 750 216 ommam
767 166 796 215 Δ.

170 306 291 373 οὕνεκά
313 304 346 390 μ’
373 302 465 383 αὖτις
488 307 616 389 ἀνωγεν
639 303 689 371 ἔπ’
715 301 885 390 ἠεροειδέα
907 308 1031 370 πόντον

170 409 373 496 Αίγυπτόνδ’
401 411 486 478 ἰέναι
510 413 646 496 δολιχὴν
670 412 751 478 ὁδὸν
775 409 940 497 ἀργαλέην
961 435 1004 476 τε.

172 517 331 584 ἀλλὰκαὶ
354 513 398 595 όις
421 520 581 603 μύθοισιν
604 518 819 603 ἀμειβόμενος
842 515 1054 601 προσέειπον·

171 627 284 690 (ταῦτα
302 621 363 709 μὲν
381 625 468 712 οὕτω
488 626 529 709 δὴ
549 624 664 706 τελέω,
687 622 802 708 γέρον,
826 623 871 700 ὡς
889 625 932 688 σύ
949 625 1107 702 κελεύεις·
1131 641 1183 690 485
1304 624 1305 627 '

171 729 243 796 ἀλλ’
269 732 328 815 ἀγε
351 755 408 817 μοι
430 732 506 798 τόδε
529 727 599 798 είπέ
622 729 678 796 καὶ
701 728 860 815 ἀτρεκέως
881 730 1074 814 κατάλεξον,

171 836 192 921 ἣ
215 838 335 914 πάντες
357 841 420 903 σὺν
442 835 563 924 νηυσὶν
587 838 752 920 ἀπήμονες
774 832 883 919 ἦλθον
903 833 1044 920 Ἀχαιοί,

173 943 232 1021 οὓς
255 943 393 1029 Νέστωρ
416 942 471 1010 καὶ
494 943 557 1027 ἐγὼ
582 948 720 1027 λίπομεν
747 945 914 1028 Τροίηθεν
937 944 1057 1025 ἰόντες,

172 1045 212 1133 δέ
231 1073 282 1127 τις
305 1048 399 1116 ὤλετ’
426 1049 555 1138 ὀλέθρῳ
579 1047 711 1115 ἀδευκέι
734 1043 774 1132 ἧς
797 1045 850 1114 έπλ
871 1049 952 1133 νηὸς

172 1152 209 1239 ἠὲ
232 1158 341 1240 φίλων
363 1155 401 1222 έν
422 1160 552 1241 χερσίν,
576 1154 644 1222 ἐπεὶ
667 1157 812 1239 πόλεμον
834 1155 1057 1220 τολύπευσεν.ί
1132 1171 1184 1220 490

217 1255 262 1338 ὦς
284 1261 430 1347 ἔφάμην,
454 1263 472 1329 ὁ
496 1261 536 1330 δέ
556 1259 590 1346 μ’
614 1259 720 1327 αὐτίκ’
743 1261 959 1346 ἀμειβόμενος
976 1258 1184 1346 προσέειπεν·

173 1365 354 1453 ιἈτρεΐδη,
376 1372 411 1433 τί
430 1393 470 1454 με
491 1379 594 1434 ταῦτα
617 1370 769 1452 διείρεαι;
794 1366 877 1433 οὐδέ
896 1370 931 1432 τί
950 1384 987 1434 σε
1009 1369 1072 1452 χρὴ

173 1475 319 1557 ἔδμεναι,
343 1470 422 1539 ούδέ
446 1476 567 1557 δαῆναι
589 1473 786 1558 έμὸννόον·
809 1472 892 1539 οὐδέ
912 1471 951 1539 σέ
971 1498 1056 1558 φημι

174 1581 238 1663 δὴν
260 1581 424 1645 ἀκλαντον
447 1582 598 1662 ἔσεσθαι,
622 1579 705 1663 έπὴν
727 1578 765 1645 ἔύ
787 1580 894 1645 πάντα
917 1575 1054 1663 πύθηαι.

173 1684 291 1751 πολλοὶ
314 1681 374 1769 μέν
396 1687 460 1770 γάρ
483 1697 550 1751 τῶν
567 1709 605 1770 γε
624 1687 743 1771 δάμεν,
766 1684 884 1751 πολλοὶ
903 1683 941 1752 δὲ
959 1690 1109 1751 λίποντο·
1132 1703 1184 1752 495

174 1791 270 1877 ἀρχοὶ
293 1789 325 1856 δ’
351 1788 394 1857 αὖ
418 1793 480 1858 δύο
503 1801 622 1876 μοῦνοι
643 1789 782 1877 Ἀχαιῶν
804 1793 1056 1877 χαλκοχιτώνων

175 1898 211 1964 έν
233 1901 340 1987 νόστῳ
365 1898 542 1964 ἀπόλοντο·
565 1900 651 1983 μάχη
675 1897 715 1964 δέ
734 1921 769 1963 τε
792 1896 848 1964 καλ
871 1901 914 1963 σὺ
936 1905 1102 1981 παρῆσθα

175 1996 222 2082 εἷς
245 2002 276 2069 δ’
302 2007 350 2070 ἔτι
371 2027 438 2071 πον
462 2006 541 2085 ζωὸς
563 2005 773 2086 κατερύκεται
797 2003 887 2089 εὐρέι
909 2000 1027 2092 πόντῳ.

175 2116 260 2187 Αλας
282 2107 342 2194 μέν
365 2111 444 2195 μετὰ
466 2108 566 2194 νηυσὶ
590 2111 676 2194 δάμη
701 2109 993 2194 δολιχηρέτμοισιν.

176 2219 324 2301 Γυρῇσίν
347 2241 404 2300 μιν
426 2228 539 2300 πρῶτα
564 2216 761 2282 Ποσειδάων
783 2215 963 2281 έπέλασσεν
1133 2233 1185 2283 σου

175 2321 333 2408 πέτρησιν
355 2323 515 2407 μεγάλῃσι
549 2321 604 2388 καὶ
631 2320 789 2399 ἐξεσάωσε
811 2324 996 2405 θαλάσσης·

176 2431 234 2494 καί
251 2429 296 2494 νύ
318 2451 376 2493 κεν
398 2431 520 2513 ἔκφυγε
543 2436 627 2512 κῆρα
650 2425 706 2492 καὶ
729 2427 908 2512 ἐχθόμενός
931 2452 992 2512 περ
1013 2427 1153 2515 Ἀθήνη,

176 2537 208 2600 εί
228 2535 272 2619 μὴ
295 2533 503 2619 ὑπερφίαλον
526 2535 603 2610 ἔπος
626 2535 742 2617 ἔκβαλε
765 2531 821 2599 καὶ
843 2532 914 2618 μέγ’
941 2533 1065 2619 ἀάσθη·

176 2649 224 2727 φῆ
249 2638 279 2726 ρ’
306 2639 416 2724 ἀέκητι
438 2645 530 2704 θεῶν
553 2637 691 2722 φυγέειν
713 2638 797 2723 μέγα
819 2644 938 2724 λαῖτμα
959 2643 1140 2724 θαλάσσης.

176 2756 236 2813 τοῦ
261 2743 297 2812 δὲ
321 2746 518 2812 Ποσειδάων
540 2742 654 2828 μεγάλ’
680 2748 798 2811 ἔκλυεν
821 2746 1039 2829 αὐδήσαντος·
1134 2763 1185 2812 σου

177 2851 283 2919 αὐτίκ’
310 2856 418 2918 ἔπειτα
440 2855 593 2936 τρίαιναν
617 2849 702 2916 ἑλὼν
723 2849 817 2936 χερσὶ
840 2854 1036 2937 στιβαρῇσιν
1158 2836 1163 2844 ’

177 2963 277 3044 ἤλασε
301 2960 449 3043 Γυραίην
471 2956 609 3042 πέτρην,
633 2957 697 3022 ἀπὸ
720 2954 752 3022 δ’
777 2960 907 3040 ἔσχισεν
929 2958 1047 3042 αὐτήν·

177 3063 290 3131 καὶτὸ
314 3060 374 3148 μέν
398 3064 518 3128 αὐτόθι
541 3075 646 3147 μεῖνε,
670 3064 707 3128 τὸ
730 3058 767 3129 δὲ
785 3063 912 3148 τρύφος
929 3067 1046 3148 ἔμπεσε
1064 3068 1186 3153 πόντῳ,

177 3181 222 3260 τῳ
246 3169 276 3255 β’
304 3176 389 3246 Αλας
411 3171 447 3235 τὸ
471 3181 603 3253 πρῶτον
626 3169 820 3254 ἐφεζόμενος
842 3167 913 3252 μέγ’
940 3168 1065 3254 ἀάσθη·

177 3280 236 3344 τὸν
260 3274 290 3342 δ’
319 3276 431 3361 ἐφόρει
454 3277 536 3340 κατὰ
558 3277 682 3340 πόντον
705 3274 863 3359 ἀπείρονα
886 3279 1097 3359 κυμαίνοντα.
1135 3294 1186 3343 οιο

180 3379 237 3464 [ὥς
260 3382 278 3448 ὁ
302 3378 362 3466 μέν
385 3380 459 3446 ἔνθ’
486 3381 670 3462 ἀπόλωλεν,
694 3378 764 3445 ἔπελ
786 3384 861 3444 πίεν
883 3378 1033 3465 ἁλμυρὸν
1055 3382 1169 3467 ὕδωρ]

179 3489 237 3565 σὸς
260 3486 299 3554 δέ
319 3510 385 3553 που
409 3490 530 3570 ἔκφυγε
553 3494 655 3571 κῆρας
678 3485 837 3569 ἀδελφεὸς
859 3484 913 3570 ἡδ’
939 3486 1104 3566 ὑπάλυξεν
