2642 3917
505 220 713 271 ΟΔΤΣΣΕΙΑΣ
732 223 777 272 vl.

133 353 204 423 ἀλλ’
230 358 316 426 ίστολ
338 359 394 426 καλ
417 360 534 448 έρετμὰ
556 374 642 427 νεῶν
665 361 720 428 καλ
742 371 819 446 νῆες
842 363 943 446 ἐῖσαι,

133 455 210 548 ᾖσιν
233 464 452 550 ἀγαλλόμενοι
473 467 594 550 πολιήν
616 470 761 552 περόωσι
782 469 966 534 θάλασσαν.

132 581 199 635 τῶν
222 570 358 637 ἀλεείνω
382 579 489 656 φήμιν
512 571 667 656 ἀδευκέα,
690 576 734 657 μή
756 597 807 650 τις
829 573 955 638 ὀπίσσω

132 677 285 762 μωμεύῃ·
308 679 396 762 μάλα
420 672 451 742 δ’
477 677 563 743 είσλν
585 679 785 764 ὑπερφίαλοι
808 679 890 744 κατὰ
912 680 1033 762 δῆμον·

132 783 190 847 καί
208 783 252 847 νό
274 805 325 860 τις
347 777 407 848 ὧδ’
432 789 542 869 εῖπησι
564 784 749 870 κακώτερος
771 784 1003 867 ἀντιβολήσας·
1092 800 1144 848 κιε

133 888 193 964 ιτίς
216 882 248 952 δ’
274 888 331 954 ὅδε
355 888 534 974 Ναυσικάᾳ
557 887 669 954 ἕπεται
692 891 792 967 καλός
813 913 849 954 τε
872 888 971 973 μέγας
993 912 1028 953 τε

133 991 255 1072 ξεῖνος;
279 1003 345 1058 ποῦ
370 993 410 1060 δέ
430 1019 487 1078 μιν
511 989 601 1080 εὖρε;
625 997 722 1072 πόσις
743 995 787 1060 νύ
811 996 846 1061 οί
865 998 994 1060 ἔσσεται
1017 994 1109 1079 αὐτῇ.

132 1093 152 1181 ή
176 1100 251 1164 τινά
273 1122 341 1164 που
364 1097 574 1183 πλαγχθέντα
596 1103 776 1183 κομίσσατο
799 1094 839 1183 ής
862 1100 925 1165 ἀπὸ
948 1100 1028 1183 νηὸς

133 1204 266 1289 ἀνδρῶν
288 1205 496 1288 τηλεδαπῶν,
521 1203 589 1269 ἐπεὶ
613 1205 653 1270 οὔ
676 1228 764 1282 τινες
786 1204 930 1288 ἐγγύθεν
953 1206 1052 1270 είσίν·
1139 1209 1141 1213 ’

132 1310 153 1392 ή
176 1313 226 1387 τίς
248 1312 284 1375 ολ
304 1309 465 1395 εὐξαμένῃ
488 1312 696 1395 πολυάρητος
718 1313 799 1388 θεὸς
820 1306 925 1394 ήλθεν
1093 1329 1145 1376 280

134 1414 323 1499 οὐρανόθεν
345 1417 503 1499 καταβάς,
526 1414 592 1496 ἕξει
615 1414 654 1481 δέ
675 1440 733 1500 μιν
755 1417 999 1501 ήματαπάντα.

133 1519 304 1606 βέλτερον,
328 1523 360 1587 εί
380 1521 484 1605 καύτή
506 1544 568 1607 περ
591 1520 787 1606 ἐποιχομένη
811 1512 910 1587 πόσιν
933 1517 1031 1607 εὗρεν

134 1627 292 1691 ἀλλοθεν·
337 1621 358 1710 ή
382 1628 445 1712 γάρ
468 1628 588 1694 τούσδε
611 1622 642 1710 γ’
669 1626 813 1712 ἀτιμάζει
836 1629 917 1694 κατά
940 1630 1048 1713 δῆμον
1181 1628 1183 1633 ’

136 1735 298 1816 Φαίηκας,
321 1736 377 1799 τοί
397 1757 454 1817 μιν
477 1744 623 1817 μνῶνται
646 1731 761 1810 πολέες
782 1756 818 1798 τε
841 1732 896 1799 καὶ
919 1730 1056 1798 ἐσθλοί.’

134 1833 178 1914 ώς
201 1836 368 1922 ἐρέουσιν,
393 1837 465 1924 ἐμοὶ
490 1838 528 1904 δέ
548 1834 580 1905 κ’
606 1839 737 1904 ὀνείδεα
759 1848 862 1905 ταῦτα
886 1839 1024 1922 γένοιτο.
1093 1856 1145 1904 εεε

133 1942 189 2009 καλ
212 1939 244 2009 δ’
271 1945 354 2029 άλλη
377 1955 520 2027 νεμεσῶ,
543 1945 564 2026 ή
587 1968 636 2020 τις
659 1945 796 2008 τοιαῦτά
818 1967 855 2027 γε
879 1943 980 2030 ῥέζοι,

133 2051 154 2132 ή
177 2044 205 2114 τ’
231 2049 342 2134 ἀέκητι
366 2052 489 2134 φίλων,
512 2051 635 2134 πατρὸς
657 2048 712 2114 καλ
735 2051 856 2134 μητρὸς
879 2048 1017 2133 ἐόντων,

135 2154 275 2240 ἀνδράσι
298 2158 468 2238 μίσγηται,
491 2158 572 2239 πρίν
594 2150 625 2238 γ’
651 2154 822 2238 ἀμφάδιον
844 2155 952 2238 γάμον
974 2154 1096 2220 ἐλθεῖν.

135 2261 234 2344 ξεῖνε,
258 2264 300 2327 σὺ
324 2255 356 2326 δ’
382 2255 439 2326 ώκ’
465 2259 585 2345 ἐμέθεν
608 2261 711 2340 ξυνίει
735 2263 826 2343 ἔπος,
849 2261 938 2345 ὄφρα
960 2260 1095 2345 τάχιστα

133 2376 264 2452 πομπῆς
285 2366 340 2433 καὶ
363 2369 496 2432 νόστοιο
520 2367 620 2450 τύχῃς
641 2367 731 2451 παρά
749 2367 875 2452 πατρὸς
898 2365 999 2450 ἐμοῖο.
1094 2383 1146 2432 290

136 2475 225 2556 δήεις
248 2474 374 2556 ἀγλαὸν
396 2474 497 2549 ἄλσος
518 2467 660 2557 Ἀθήνης
683 2473 758 2556 άγχι
781 2474 945 2537 κελεύθου

135 2581 304 2664 αἰγείρων·
328 2577 364 2644 ἐν
388 2575 424 2643 δὲ
447 2580 552 2662 κρήνη
575 2578 663 2660 νάει,
688 2576 772 2662 ἀμφὶ
796 2574 832 2643 δὲ
855 2578 990 2661 λειμών·

136 2687 221 2750 ἔνθα
244 2681 281 2749 δὲ
303 2685 425 2768 πατρὸς
449 2683 530 2768 ἐμοῦ
552 2682 687 2768 τέμενος
709 2684 870 2749 τεθαλυῖά
892 2677 920 2747 τ’
946 2683 1051 2766 ἀλωή,

135 2794 257 2856 τόσσον
280 2789 343 2856 ἀπὸ
367 2793 516 2873 πτόλιος,
540 2789 642 2855 όσσον
664 2813 699 2854 τε
721 2787 844 2873 γέγωνε
867 2791 999 2873 βοήσας.

135 2899 219 2962 ἔνθα
242 2898 462 2980 καθεζόμενος
484 2904 593 2979 μεῖναι
616 2898 754 2979 χρόνον,
777 2896 824 2971 είς
847 2894 865 2958 ό
887 2918 945 2959 κεν
967 2894 1060 2978 ἡμεῖς
1093 2912 1144 2960 295

136 3003 256 3067 άστυδε
279 3004 430 3085 ἔλθωμεν
452 2999 508 3066 καὶ
532 3001 679 3084 ἱκώμεθα
703 3000 836 3084 δώματα
858 3003 990 3085 πατρός.

136 3108 239 3192 αὐτὰρ
262 3107 344 3190 ἐπήν
366 3105 467 3190 ήμέας
490 3109 571 3191 ἐλπη
594 3104 670 3172 ποτὶ
693 3101 815 3191 δώματ’
841 3106 998 3191 ἀφῖχθαι,

135 3212 190 3279 καὶ
213 3216 286 3278 τότε
312 3214 469 3296 Φαιήκων
493 3218 566 3296 ίμεν
589 3211 622 3288 ἐς
644 3215 743 3294 πόλιν
770 3207 823 3294 ἠδ’
849 3211 1000 3297 ἐρέεσθαι

137 3321 269 3404 δώματα
291 3319 413 3404 πατρὸς
436 3317 517 3401 ἐμοῦ
545 3320 768 3403 μεγαλήτορος
787 3312 977 3384 Ἀλκινόοιο.

136 3425 208 3510 όεῑα
232 3419 262 3490 δ’
288 3418 442 3510 ἀρίγνωτ’
468 3422 552 3506 ἐστί,
574 3422 629 3488 καὶ
653 3422 695 3488 ἂν
718 3425 794 3500 πάις
816 3423 975 3507 ἡγήσαιτο
1092 3439 1143 3486 300

135 3534 266 3615 νήπιος·
289 3530 330 3595 οὐ
354 3525 414 3613 μὲν
436 3529 499 3612 γάρ
521 3552 552 3592 τι
576 3527 704 3611 ἐοικότα
727 3539 813 3605 τοῖσι
835 3525 983 3592 τέτυκται

893 3628 929 3683 7*
1103 3674 1106 3682 ,
