2642 3917
493 200 701 252 οΔνΣΣΕΙΑΣ
720 203 752 254 x.
1065 202 1124 267 151

117 341 243 425 φάσκεν
266 340 463 407 ἐλεύσεσθαι
486 345 711 428 χρυσόρραπις
734 343 955 430 ἀργεϊφόντης

117 445 152 510 ἐκ
179 449 298 532 Τροίης
320 447 457 513 ἀνιόντα
479 454 547 534 θοή
571 452 635 514 σὺν
657 447 715 532 νηὶ
738 454 885 536 μελαίνη.

117 546 189 617 ἀλλ’
214 553 272 635 άγε
295 554 337 637 δή
364 559 468 642 κολεῷ
492 551 552 638 μὲν
576 556 637 640 άορ
659 554 738 640 θέο,
761 568 823 622 νῶι
846 551 877 622 δ’
902 560 1013 622 ἔπειτα

117 658 215 741 εὐνῆς
237 657 395 745 ἡμετέρης
418 658 619 744 ἐπιβείομεν,
643 661 734 747 όφρα
756 660 887 746 μιγέντε

117 763 198 849 εὐνή
219 763 275 830 καλ
298 768 449 849 φιλότητι
471 769 677 851 πεποίθομεν
700 767 915 851 ἀλλήλοισιν(
977 806 979 810 ·
1075 787 1127 836 σεο

162 865 206 948 ὧς
228 866 335 955 ἔφατ’,
358 872 462 958 αὐτὰρ
487 871 550 955 ἐγώ
574 897 632 956 μιν
655 872 871 958 ἀμειβόμενος
893 875 1106 960 προσέειπον·

118 973 155 1059 ,ὦ
178 980 301 1063 Κίρκη,
323 989 392 1054 πῶς
414 979 477 1064 γάρ
501 1001 541 1062 με
563 978 672 1044 κέλεαι
695 978 750 1045 σοὶ
771 981 872 1062 ήπιον
894 977 995 1065 εἶναι,

117 1085 138 1166 ή
161 1106 218 1167 μοι
240 1093 300 1161 σῦς
323 1081 383 1169 μὲν
406 1087 529 1169 ἔθηκας
551 1083 602 1150 ἐνλ
624 1086 819 1170 μεγάροισιν
842 1085 1008 1173 ἑταίρους,

118 1191 221 1254 αὐτὸν
243 1184 274 1254 δ’
300 1186 417 1256 ἐνθάδ’
442 1193 564 1275 ἔχουσα
588 1191 861 1277 δολοφρονέουσα
883 1195 1027 1271 κελεύεις

118 1295 151 1372 ἐς
172 1297 327 1380 θάλαμόν
349 1289 377 1359 τ’
404 1293 488 1360 ίέναι
510 1292 565 1359 καλ
588 1303 647 1377 σῆς
671 1294 864 1381 ἐπιβήμεναι
887 1298 1001 1380 εὐνῆς,
1076 1315 1128 1364 340

119 1404 207 1488 όφρα
229 1425 269 1486 με
292 1399 511 1485 γυμνωθέντα
532 1401 635 1465 κακὸν
657 1398 712 1466 καλ
735 1400 883 1487 ἀνήνορα
906 1407 1009 1488 θείης.

119 1502 192 1573 οὐδ’
218 1507 259 1572 ἀν
283 1506 346 1590 ἐγώ
370 1501 401 1590 γ’
427 1504 575 1589 ἐθέλοιμι
597 1514 673 1589 τεής
695 1506 890 1592 ἐπιβήμεναι
912 1508 1026 1594 εύνής,

118 1617 151 1679 εί
170 1615 215 1698 μή
237 1637 295 1698 μοι
317 1615 430 1696 τλαίης
452 1635 505 1695 γε,
527 1613 608 1695 θεά,
631 1611 735 1696 μέγαν
758 1614 859 1700 ὅρκον
883 1615 1039 1701 ὀμόσσαι,

118 1723 162 1805 μή
184 1723 220 1785 τί
239 1743 296 1804 μοι
319 1719 407 1808 αὐτῷ
430 1727 521 1802 πήμα
544 1719 647 1784 κακὸν
669 1719 893 1804 βουλευσέμεν
915 1723 1017 1788 ἀλλοέ

163 1822 206 1904 ὧς
225 1825 367 1911 ἐφάμην,
389 1822 409 1907 ἡ
430 1819 461 1889 δ’
486 1820 593 1890 αὐτίκ’
619 1824 807 1910 ἀπώμνυεν,
831 1827 876 1903 ὡς
894 1826 1055 1895 ἐκέλευον.
1076 1848 1129 1896 345

119 1935 222 2020 αὐτὰρ
246 1932 319 1998 ἐπεί
339 1926 369 2018 β’
395 1930 517 2016 όμοσέν
539 1956 574 1997 τε
597 1929 792 2015 τελεύτησέν
815 1956 850 1997 τε
872 1934 932 1998 τὸν
954 1935 1071 2020 ὅρκον,

118 2039 172 2105 καὶ
195 2034 262 2104 τότ’
288 2037 351 2120 ἐγὼ
375 2041 500 2123 Κίρκης
523 2037 644 2120 ἐπέβην
667 2037 879 2124 περικαλλέος
902 2039 1008 2123 εὐνής.

163 2145 345 2230 ἀμφίπολοι
369 2138 399 2209 δ’
425 2145 489 2229 ἀρα
513 2143 594 2220 τέως
617 2140 678 2228 μέν
705 2141 756 2209 ἐνὶ
782 2144 956 2230 μεγάροισι
989 2145 1129 2214 πένοντο

119 2251 289 2336 τέσσαρες,
313 2251 350 2316 αί
371 2251 406 2316 ολ
428 2251 521 2334 δῶμα
544 2251 626 2316 κάτα
650 2251 840 2336 δρήστειραι
863 2253 970 2316 ἔασιν·

119 2361 290 2441 γίγνονται
305 2352 336 2422 δ’
352 2359 415 2442 ἀρα
429 2360 486 2421 ταί
495 2352 527 2440 γ’
545 2359 580 2422 ἐκ
593 2380 628 2422 τε
642 2356 791 2443 κρηνέων
805 2356 869 2422 ἀπό
883 2352 912 2422 τ’
931 2357 1059 2424 ἀλσέων
1077 2378 1130 2425 350
1198 2394 1199 2397 ¹

119 2467 155 2528 ἐκ
176 2458 213 2528 θ’
240 2464 338 2549 ίερῶν
360 2474 532 2546 ποταμῶν,
556 2464 592 2528 οί
610 2457 639 2527 τ’
666 2465 713 2539 είς
736 2463 837 2527 ἅλαδε
859 2461 1070 2548 προρέουσιν.

119 2571 208 2636 τάων
230 2569 250 2653 ἡ
275 2565 336 2654 μέν
359 2571 475 2652 ἔβαλλε
498 2571 637 2655 θρόνοις
660 2571 711 2634 ένι
734 2569 836 2654 βήγεα
858 2570 942 2633 καλά

119 2677 293 2762 πορφύρεα
315 2671 517 2761 καθύπερθ’,
540 2674 706 2761 ὑπένερθε
730 2671 767 2741 δέ
790 2669 860 2740 λῖθ’
885 2673 1085 2759 ὑπέβαλλεν·

119 2785 139 2866 ή
163 2779 201 2849 δ”
220 2781 312 2868 ἑτέρη
335 2781 544 2867 προπάροιθε
565 2783 703 2867 θρόνων
727 2781 865 2847 ἐτίταινε
888 2769 1047 2866 τραπέζας

120 2887 298 2982 ἀργυρέας,
321 2885 374 2952 έπλ
398 2885 437 2952 δέ
458 2903 518 2971 σφι
541 2891 629 2952 τίθει
651 2887 789 2973 χρύσεια
810 2888 939 2954 κύνεια·
1078 2908 1129 2954 355

9 3068 10 3071 ρ
120 2995 140 3078 ἡ
165 2992 202 3060 δὲ
223 2997 315 3080 τρίτη
339 3001 477 3079 κρητῆρι
499 2997 684 3079 μελίφρονα
708 2989 804 3059 οἶνον
826 2993 939 3078 ἐκίρνα

120 3102 206 3185 ἡδὺν
229 3099 266 3166 ἐν
290 3097 456 3186 ἀργυρέῳ,
478 3098 556 3183 νέμε
580 3097 617 3165 δέ
639 3101 776 3185 χρύσεια
797 3101 957 3166 κύπελλα·

119 3208 139 3291 ή
164 3204 201 3273 δέ
224 3206 360 3291 τετάρτη
382 3205 475 3290 ὕδωρ
498 3205 612 3292 ἐφόρει
634 3205 690 3271 καὶ
712 3216 779 3292 πῦρ
800 3205 952 3272 ἀνέκαιεν
995 3280 997 3283 ,

109 3315 245 3381 ’πολλὸν
266 3312 332 3378 ὑπὸ
353 3312 486 3397 τρίποδι
508 3313 654 3400 μεγάλω,
679 3315 802 3379 ίαίνετο
826 3308 857 3377 δ’
881 3313 983 3398 ὕδωρ.

120 3421 225 3506 αὐτὰρ
249 3417 319 3485 ἐπεὶ
343 3419 384 3502 δή
409 3417 521 3497 ζέσσεν
542 3417 635 3503 ὕδωρ
658 3416 710 3484 ἐνὶ
731 3419 833 3501 ήνοπι
854 3423 979 3506 χαλκῷ,
1078 3435 1129 3482 360

120 3529 152 3604 ές
176 3521 207 3613 ῥ’
233 3515 422 3610 ἀσάμινθον
445 3522 547 3589 ἕσασα
570 3520 619 3589 λό’
646 3524 682 3588 ἐκ
704 3525 861 3609 τρίποδος
883 3523 1053 3607 μεγάλοιο,

175 3642 273 3681 Ηοιτπει
289 3639 406 3680 Omen.
433 3640 451 3678 Ι.
884 3632 915 3678 11
