2642 3917
180 162 221 226 88
556 165 766 217 omnm
783 166 815 219 ο.

178 303 234 371 καλ
255 308 293 371 τὸ
316 304 377 391 μὲν
400 302 445 384 ὥς
462 307 623 389 ὑπάλυξε,
646 308 870 392 παλιρρόθιον
888 303 927 372 δέ
942 330 1000 390 μιν
1018 301 1111 384 αὖτις
1134 323 1186 372 430

179 412 301 494 πλῆξεν
324 411 562 496 ἐπεσσύμενον,
585 416 688 495 τηλοῦ
712 411 752 478 δέ
772 437 830 497 μιν
852 414 972 496 ἔμβαλε
994 414 1113 500 πόντφ.

180 516 224 593 ὡς
248 510 279 582 δ’
305 517 358 582 ὅτε
381 518 593 594 πουλύποδος
615 518 769 602 θαλάμης
792 516 1016 602 ἐξελκομένοιο

180 623 261 708 πρὸς
283 622 551 706 κοτυληδονόφιν
573 621 710 688 πυκιναὶ
731 625 863 706 λάιγγες
885 625 1030 708 ἔχονται,

181 721 225 805 ὧς
247 737 308 793 τοῦ
330 730 413 814 πρὸς
435 727 572 815 πέτρησι
594 730 785 814 θρασειάων
807 730 871 794 ἀπὸ
894 741 1013 815 χειρῶν

181 832 269 917 ῥινοὶ
293 833 523 919 ἀπέδρυφθεν·
554 836 614 900 τὸν
637 831 674 900 δὲ
697 832 780 919 μέγα
801 843 889 917 κῦμα
910 836 1066 913 κάλυψεν.
1137 851 1188 900 435

181 940 266 1004 ἔνθα
288 963 324 1004 κε
348 940 389 1023 δῆ
413 940 576 1024 δύστηνος
598 936 682 1026 ὑπὲρ
705 942 810 1025 μόρον
833 935 926 1005 ὤλετ’
949 935 1139 1021 Ὀδυσσεύς,

181 1045 213 1109 εί
233 1046 277 1129 μῆ
302 1044 530 1131 ἐπιφροσύνην
554 1047 638 1111 δῶκε
662 1050 850 1128 γλαυκῶπις
869 1040 1003 1129 Ἀθήνη.

181 1151 324 1234 κύματος
346 1151 522 1235 ἐξαναδύς,
545 1152 585 1217 τά
607 1146 636 1216 τ’
662 1151 830 1237 ἐρεύγεται
851 1151 1043 1235 ῆπειρόνδε,

181 1265 260 1342 νῆχε
283 1253 383 1343 παρέξ
406 1257 439 1335 ἐς
461 1269 560 1341 γαίαν
583 1257 765 1343 ὁρώμενος,
789 1263 823 1322 ελ
840 1279 906 1322 που
930 1255 1066 1342 ἐφεύροι

182 1362 296 1445 ῆιόνας
317 1386 352 1428 τε
374 1369 589 1448 παραπλῆγας
612 1362 746 1447 λιμένας
767 1386 802 1428 τε
824 1363 1004 1446 θαλάσσης.
1136 1379 1189 1428 445

183 1463 254 1532 ἀλλ’
281 1469 334 1534 ότε
357 1469 399 1552 δῆ
422 1480 583 1554 ποταμοῖο
606 1470 688 1534 κατά
711 1471 815 1552 στόμα
836 1471 1025 1554 καλλιρόοιο

184 1565 230 1651 ἷξε
253 1571 349 1657 νέων,
376 1583 416 1660 τῆ
441 1576 482 1657 δή
505 1574 541 1640 οί
560 1573 687 1640 ἐείσατο
710 1585 817 1659 χῶρος
839 1575 987 1660 ἀριστος,

184 1684 270 1756 λείος
292 1681 458 1766 πετράων,
481 1677 536 1744 καλ
560 1679 612 1745 έπλ
636 1680 757 1756 σκέπας
778 1675 821 1763 ῆν
844 1678 995 1764 ἀνέμοιο,

183 1787 268 1868 ἔγνω
292 1781 329 1850 δέ
351 1783 534 1870 προρέοντα
555 1783 610 1850 καὶ
632 1785 748 1864 εύξατο
771 1784 812 1851 δν
833 1787 914 1850 κατά
936 1789 1062 1870 θυμόν·

184 1894 322 1974 ,,κλῦθι,
343 1888 439 1973 ἄναξ,
458 1891 527 1968 ὅτις
545 1890 629 1956 έσσί·
648 1890 870 1956 πολύλλιστον
889 1890 928 1957 δέ
944 1886 975 1956 σ’
998 1892 1114 1974 ίκάνω,
1139 1909 1190 1956 445

184 1997 319 2080 φεύγων
341 1996 378 2062 ἐκ
399 1998 534 2062 πόντοιο
558 1997 793 2073 Ποσειδάωνος
816 1996 938 2073 ἐνιπάς.

185 2105 311 2180 αίδοῖος
333 2099 394 2186 μέν
415 2096 444 2166 τ’
471 2100 539 2168 ἐστὶ
560 2099 615 2167 καὶ
638 2101 837 2167 ἀθανάτοισι
858 2108 991 2168 θεοῖσιν

185 2208 319 2291 ἀνδρῶν
341 2207 378 2285 ὅς
399 2231 449 2284 τις
472 2208 580 2292 ἵκηται
602 2206 785 2291 ἀλώμενος,
808 2207 853 2284 ὡς
875 2205 930 2272 καὶ
953 2207 1016 2290 ἐγὼ
1038 2219 1103 2274 νῦν
1137 2194 1142 2211 ’

185 2316 247 2379 σόν
268 2336 302 2378 τε
326 2313 406 2398 ῥόον
430 2314 472 2379 σά
493 2335 528 2378 τε
551 2307 693 2396 γούναθ’
721 2313 822 2378 ἱκάνω
845 2315 952 2399 πολλά
974 2318 1128 2397 μογῆσας.

185 2414 257 2485 ἀλλ’
283 2418 423 2505 ἐλέαιρε,
447 2420 543 2500 άναξ·
575 2416 682 2502 ίκέτης
705 2416 744 2484 δέ
764 2441 816 2484 τοι
838 2419 975 2503 εὔχομαι
997 2415 1116 2485 εἶναι.“
1138 2437 1191 2485 450

229 2520 273 2602 ὥς
291 2519 390 2610 φάθ’,
409 2525 427 2590 ὁ
447 2520 477 2589 δ’
495 2525 611 2591 αὐτίκα
624 2523 821 2600 παῦσενέὸν
836 2525 931 2610 ῥόον,
951 2527 1024 2609 ἔσχε
1039 2521 1075 2590 δὲ
1089 2535 1190 2609 κῦμα.

185 2632 312 2716 πρόσθε
336 2628 376 2694 δέ
397 2631 432 2696 ολ
451 2633 567 2714 ποίησε
590 2633 755 2714 γαλήνην,
778 2632 838 2696 τὸν
861 2627 898 2696 δέ
921 2631 1050 2696 σάωσεν

185 2736 219 2813 ές
240 2744 389 2818 ποταμοῦ
411 2735 562 2821 προχοάς.
600 2735 618 2801 δ
641 2731 673 2800 δ’
699 2730 752 2821 ἀρ’
777 2717 875 2820 άμφω
893 2730 1027 2818 γούνατ’
1048 2740 1193 2820 ἔκαμψεν

185 2841 296 2926 χεῖράς
317 2863 352 2906 τε
375 2842 543 2925 στιβαράς·
575 2838 630 2905 ἀλλ
651 2842 715 2927 γάρ
739 2840 880 2925 δέδμητο
903 2844 1005 2925 φίλον
1026 2851 1097 2927 κῆρ.

186 2946 267 3036 ᾤδεε
291 2942 328 3011 δέ
350 2948 432 3030 χρόα
454 2947 576 3029 πάντα,
597 2947 753 3011 θάλασσα
776 2942 813 3011 δέ
834 2948 925 3030 κῆκιε
947 2948 1053 3029 πολλῆ
1140 2965 1191 3012 455

186 3050 228 3118 ἀν
246 3053 350 3135 στόμα
368 3069 405 3116 τε·
421 3052 515 3137 ῥῖνάς
532 3047 587 3116 θ’·
610 3051 628 3117 δ
647 3045 679 3117 δ’
700 3045 753 3136 ἀρ’
775 3052 957 3128 ἄπνευστος
974 3048 1029 3116 καὶ
1047 3053 1193 3130 άναυδος

185 3152 264 3224 κεῖτ’
291 3156 527 3241 ὀλιγηπελέων,
550 3158 694 3241 κάματος
717 3154 756 3222 δέ
776 3180 834 3241 μιν
856 3158 950 3233 αἰνὸς
972 3157 1094 3222 ἵκανεν.

187 3257 262 3328 ἀλλ’
289 3263 342 3328 ὅτε
366 3265 407 3347 δή
430 3258 461 3348 ρ’
487 3264 636 3346 ἀμπνυτο
660 3260 715 3327 καλ
738 3261 771 3339 ἐς
793 3260 899 3346 φρένα
921 3263 1031 3346 θυμὸς
1054 3262 1192 3348 ἀγέρθη,

187 3367 241 3434 καλ
263 3371 336 3434 τότε
361 3368 402 3451 δῆ
425 3369 612 3453 κρήδεμνον
636 3368 700 3433 ἀπὸ
723 3366 758 3432 ἕο
781 3372 861 3432 λῦσε
883 3374 988 3434 θεοῖο.

187 3470 300 3538 καὶτὸ
324 3469 385 3557 μὲν
407 3471 440 3550 ἐς
463 3474 611 3557 ποταμὸν
634 3472 854 3556 ἁλιμυρήεντα
877 3480 1040 3558 μεθῆκεν,
1140 3492 1192 3540 450
