<?xml version="1.0" encoding="UTF-8"?>
<!DOCTYPE html PUBLIC "-//W3C//DTD XHTML 1.0 Transitional//EN"
    "http://www.w3.org/TR/xhtml1/DTD/xhtml1-transitional.dtd">
<html xmlns="http://www.w3.org/1999/xhtml" xml:lang="en" lang="en">
 <head>
  <title>
</title>
<meta http-equiv="Content-Type" content="text/html;charset=utf-8" />
  <meta name='ocr-system' content='tesseract 3.04.00' />
  <meta name='ocr-capabilities' content='ocr_page ocr_carea ocr_par ocr_line ocrx_word'/>
</head>
<body>
  <div class='ocr_page' id='page_1' title='image "./homeriodyssea00dindgoog_0146.png"; bbox 0 0 2642 3917; ppageno 0'>
   <div class='ocr_carea' id='block_1_1' title="bbox 181 242 790 306">
    <p class='ocr_par' dir='ltr' id='par_1_1' title="bbox 181 242 790 306">
     <span class='ocr_line' id='line_1_1' title="bbox 181 242 790 306; baseline 0 -10"><span class='ocrx_word' id='word_1_1' title='bbox 181 242 243 306; x_wconf 83' lang='lat'><em>118</em></span> <span class='ocrx_word' id='word_1_2' title='bbox 529 244 738 296; x_wconf 76' lang='grc' dir='ltr'><strong>ΟΔΤΣΣΕΙΔΣ</strong></span> <span class='ocrx_word' id='word_1_3' title='bbox 757 243 790 296; x_wconf 87' lang='grc' dir='ltr'><em>Θ.</em></span> 
     </span>
    </p>
   </div>
   <div class='ocr_carea' id='block_1_2' title="bbox 179 385 981 471">
    <p class='ocr_par' dir='ltr' id='par_1_2' title="bbox 179 385 981 471">
     <span class='ocr_line' id='line_1_2' title="bbox 179 385 981 471; baseline 0.004 -21"><span class='ocrx_word' id='word_1_4' title='bbox 179 386 283 462; x_wconf 84' lang='grc' dir='ltr'><em>οὕτως</em></span> <span class='ocrx_word' id='word_1_5' title='bbox 306 386 347 451; x_wconf 87' lang='grc' dir='ltr'><em>οὐ</em></span> <span class='ocrx_word' id='word_1_6' title='bbox 369 387 527 451; x_wconf 81' lang='grc' dir='ltr'><strong><em>πάντεσσι</em></strong></span> <span class='ocrx_word' id='word_1_7' title='bbox 549 385 626 452; x_wconf 81' lang='grc' dir='ltr'><em>θεοί</em></span> <span class='ocrx_word' id='word_1_8' title='bbox 648 389 804 471; x_wconf 89' lang='grc' dir='ltr'><em>χαρίεντα</em></span> <span class='ocrx_word' id='word_1_9' title='bbox 827 388 981 453; x_wconf 77' lang='grc' dir='ltr'><em>διδοῦσιν</em></span> 
     </span>
    </p>
   </div>
   <div class='ocr_carea' id='block_1_3' title="bbox 177 486 1193 1956">
    <p class='ocr_par' dir='ltr' id='par_1_3' title="bbox 177 486 1193 1107">
     <span class='ocr_line' id='line_1_3' title="bbox 179 486 1173 577; baseline 0 -21"><span class='ocrx_word' id='word_1_10' title='bbox 179 491 351 576; x_wconf 89' lang='grc' dir='ltr'><em>ἀνδράσιν,</em></span> <span class='ocrx_word' id='word_1_11' title='bbox 376 492 452 557; x_wconf 82' lang='grc' dir='ltr'><em>ούτε</em></span> <span class='ocrx_word' id='word_1_12' title='bbox 475 492 567 576; x_wconf 86' lang='grc' dir='ltr'><em>φυήν</em></span> <span class='ocrx_word' id='word_1_13' title='bbox 590 486 660 556; x_wconf 78' lang='grc' dir='ltr'><em>οὔτ’</em></span> <span class='ocrx_word' id='word_1_14' title='bbox 687 491 729 576; x_wconf 91' lang='grc' dir='ltr'><em>ἀρ</em></span> <span class='ocrx_word' id='word_1_15' title='bbox 753 491 878 577; x_wconf 79' lang='grc' dir='ltr'><em>φρένας</em></span> <span class='ocrx_word' id='word_1_16' title='bbox 901 489 972 557; x_wconf 82' lang='grc' dir='ltr'><em>οὔτ’</em></span> <span class='ocrx_word' id='word_1_17' title='bbox 998 491 1173 577; x_wconf 89' lang='grc' dir='ltr'><em>ἀγορητύν.</em></span> 
     </span>
     <span class='ocr_line' id='line_1_4' title="bbox 178 592 1083 684; baseline 0 -22"><span class='ocrx_word' id='word_1_18' title='bbox 178 599 277 673; x_wconf 87' lang='grc' dir='ltr'><em>ἀλλος</em></span> <span class='ocrx_word' id='word_1_19' title='bbox 299 595 360 680; x_wconf 72' lang='grc' dir='ltr'><em>μέν</em></span> <span class='ocrx_word' id='word_1_20' title='bbox 382 598 446 682; x_wconf 89' lang='grc' dir='ltr'><em>γάρ</em></span> <span class='ocrx_word' id='word_1_21' title='bbox 468 592 497 662; x_wconf 88' lang='grc' dir='ltr'><em>τ’</em></span> <span class='ocrx_word' id='word_1_22' title='bbox 523 593 612 674; x_wconf 80' lang='grc' dir='ltr'><em>εἶδος</em></span> <span class='ocrx_word' id='word_1_23' title='bbox 635 596 847 684; x_wconf 78' lang='grc' dir='ltr'><em>ἀκιδνότερος</em></span> <span class='ocrx_word' id='word_1_24' title='bbox 869 596 960 663; x_wconf 91' lang='grc' dir='ltr'><em>πέλει</em></span> <span class='ocrx_word' id='word_1_25' title='bbox 983 597 1083 683; x_wconf 92' lang='grc' dir='ltr'><em>ἀνήρ,</em></span> 
     </span>
     <span class='ocr_line' id='line_1_5' title="bbox 178 701 1193 789; baseline 0.002 -21"><span class='ocrx_word' id='word_1_26' title='bbox 178 703 261 769; x_wconf 90' lang='grc' dir='ltr'><em>ἀλλά</em></span> <span class='ocrx_word' id='word_1_27' title='bbox 283 705 363 780; x_wconf 90' lang='grc' dir='ltr'><em>θεὸς</em></span> <span class='ocrx_word' id='word_1_28' title='bbox 385 703 520 788; x_wconf 87' lang='grc' dir='ltr'><em>μορφήν</em></span> <span class='ocrx_word' id='word_1_29' title='bbox 540 706 632 768; x_wconf 85' lang='grc' dir='ltr'><em>ἔπεσι</em></span> <span class='ocrx_word' id='word_1_30' title='bbox 651 701 779 789; x_wconf 81' lang='grc' dir='ltr'><em>στέφει,</em></span> <span class='ocrx_word' id='word_1_31' title='bbox 803 705 837 768; x_wconf 90' lang='grc' dir='ltr'><em>οί</em></span> <span class='ocrx_word' id='word_1_32' title='bbox 854 702 893 768; x_wconf 91' lang='grc' dir='ltr'><em>δέ</em></span> <span class='ocrx_word' id='word_1_33' title='bbox 909 701 938 768; x_wconf 86' lang='grc' dir='ltr'><em>τ’</em></span> <span class='ocrx_word' id='word_1_34' title='bbox 960 702 993 780; x_wconf 90' lang='grc' dir='ltr'><em>ἐς</em></span> <span class='ocrx_word' id='word_1_35' title='bbox 1012 704 1114 770; x_wconf 86' lang='grc' dir='ltr'><em>αύτὸν</em></span> <span class='ocrx_word' id='word_1_36' title='bbox 1140 701 1193 770; x_wconf 77' lang='grc' dir='ltr'><em>11ό</em></span> 
     </span>
     <span class='ocr_line' id='line_1_6' title="bbox 177 804 1081 895; baseline 0 -21"><span class='ocrx_word' id='word_1_37' title='bbox 177 812 373 894; x_wconf 82' lang='grc' dir='ltr'><em>τερπόμενοι</em></span> <span class='ocrx_word' id='word_1_38' title='bbox 395 810 608 875; x_wconf 79' lang='grc' dir='ltr'><em>λεύσσουσιν·</em></span> <span class='ocrx_word' id='word_1_39' title='bbox 631 808 650 874; x_wconf 89' lang='grc' dir='ltr'><em>ό</em></span> <span class='ocrx_word' id='word_1_40' title='bbox 674 804 705 873; x_wconf 86' lang='grc' dir='ltr'><em>δ’</em></span> <span class='ocrx_word' id='word_1_41' title='bbox 731 808 906 893; x_wconf 87' lang='grc' dir='ltr'><em>ἀσφαλέως</em></span> <span class='ocrx_word' id='word_1_42' title='bbox 928 809 1081 895; x_wconf 81' lang='grc' dir='ltr'><em>ἀγορεύει</em></span> 
     </span>
     <span class='ocr_line' id='line_1_7' title="bbox 178 911 1023 1001; baseline -0.001 -20"><span class='ocrx_word' id='word_1_43' title='bbox 178 919 270 982; x_wconf 81' lang='grc' dir='ltr'><em>αίδοί</em></span> <span class='ocrx_word' id='word_1_44' title='bbox 290 918 447 1000; x_wconf 89' lang='grc' dir='ltr'><em>μειλιχίη,</em></span> <span class='ocrx_word' id='word_1_45' title='bbox 470 917 550 999; x_wconf 90' lang='grc' dir='ltr'><em>μετά</em></span> <span class='ocrx_word' id='word_1_46' title='bbox 575 911 611 981; x_wconf 72' lang='grc' dir='ltr'><em>δὲ</em></span> <span class='ocrx_word' id='word_1_47' title='bbox 634 914 750 1001; x_wconf 91' lang='grc' dir='ltr'><em>πρέπει</em></span> <span class='ocrx_word' id='word_1_48' title='bbox 774 915 1023 1000; x_wconf 73' lang='grc' dir='ltr'><em>ἀγρομένοισιν,</em></span> 
     </span>
     <span class='ocr_line' id='line_1_8' title="bbox 179 1016 1010 1107; baseline -0.004 -19"><span class='ocrx_word' id='word_1_49' title='bbox 179 1022 358 1107; x_wconf 81' lang='grc' dir='ltr'><em>ἐρχόμενον</em></span> <span class='ocrx_word' id='word_1_50' title='bbox 382 1016 413 1086; x_wconf 93' lang='grc' dir='ltr'><em>δ’</em></span> <span class='ocrx_word' id='word_1_51' title='bbox 439 1021 503 1086; x_wconf 81' lang='grc' dir='ltr'><em>ἀνὰ</em></span> <span class='ocrx_word' id='word_1_52' title='bbox 526 1023 609 1086; x_wconf 89' lang='grc' dir='ltr'><em>ἀστυ</em></span> <span class='ocrx_word' id='word_1_53' title='bbox 631 1023 715 1086; x_wconf 89' lang='grc' dir='ltr'><em>θεὸν</em></span> <span class='ocrx_word' id='word_1_54' title='bbox 738 1021 782 1098; x_wconf 83' lang='grc' dir='ltr'><em>ὣς</em></span> <span class='ocrx_word' id='word_1_55' title='bbox 805 1024 1010 1106; x_wconf 82' lang='grc' dir='ltr'><em>εἰσορόωσιν.</em></span> 
     </span>
    </p>

    <p class='ocr_par' dir='ltr' id='par_1_4' title="bbox 178 1122 1025 1211">
     <span class='ocr_line' id='line_1_9' title="bbox 178 1122 1025 1211; baseline -0.002 -17"><span class='ocrx_word' id='word_1_56' title='bbox 178 1131 277 1205; x_wconf 88' lang='grc' dir='ltr'><em>ἀλλος</em></span> <span class='ocrx_word' id='word_1_57' title='bbox 301 1123 332 1193; x_wconf 87' lang='grc' dir='ltr'><em>δ’</em></span> <span class='ocrx_word' id='word_1_58' title='bbox 359 1122 400 1192; x_wconf 90' lang='grc' dir='ltr'><em>αὖ</em></span> <span class='ocrx_word' id='word_1_59' title='bbox 424 1122 513 1204; x_wconf 80' lang='grc' dir='ltr'><em>εἶδος</em></span> <span class='ocrx_word' id='word_1_60' title='bbox 536 1125 597 1211; x_wconf 71' lang='grc' dir='ltr'><em>μὲν</em></span> <span class='ocrx_word' id='word_1_61' title='bbox 620 1126 767 1210; x_wconf 77' lang='grc' dir='ltr'><em>ἀλίγκιος</em></span> <span class='ocrx_word' id='word_1_62' title='bbox 790 1127 1025 1211; x_wconf 76' lang='grc' dir='ltr'><em>ἀθανάτοισιν,</em></span> 
     </span>
    </p>

    <p class='ocr_par' dir='ltr' id='par_1_5' title="bbox 178 1230 1189 1529">
     <span class='ocr_line' id='line_1_10' title="bbox 179 1230 1189 1319; baseline -0.002 -19"><span class='ocrx_word' id='word_1_63' title='bbox 179 1230 249 1300; x_wconf 89' lang='grc' dir='ltr'><em>ἀλλ’</em></span> <span class='ocrx_word' id='word_1_64' title='bbox 276 1235 317 1300; x_wconf 88' lang='grc' dir='ltr'><em>ού</em></span> <span class='ocrx_word' id='word_1_65' title='bbox 340 1235 376 1299; x_wconf 86' lang='grc' dir='ltr'><em>οί</em></span> <span class='ocrx_word' id='word_1_66' title='bbox 395 1234 488 1319; x_wconf 92' lang='grc' dir='ltr'><em>χάρις</em></span> <span class='ocrx_word' id='word_1_67' title='bbox 511 1232 596 1318; x_wconf 84' lang='grc' dir='ltr'><em>ἀμφὶ</em></span> <span class='ocrx_word' id='word_1_68' title='bbox 618 1232 848 1318; x_wconf 90' lang='grc' dir='ltr'><em>περιστέφεται</em></span> <span class='ocrx_word' id='word_1_69' title='bbox 871 1232 1036 1316; x_wconf 83' lang='grc' dir='ltr'><em>ἐπέεσσιν,</em></span> <span class='ocrx_word' id='word_1_70' title='bbox 1140 1253 1189 1300; x_wconf 78' lang='grc'><em>115</em></span> 
     </span>
     <span class='ocr_line' id='line_1_11' title="bbox 178 1335 1097 1425; baseline -0.002 -18"><span class='ocrx_word' id='word_1_71' title='bbox 178 1343 223 1418; x_wconf 86' lang='grc' dir='ltr'><em>ώς</em></span> <span class='ocrx_word' id='word_1_72' title='bbox 245 1340 299 1406; x_wconf 86' lang='grc' dir='ltr'><em>καὶ</em></span> <span class='ocrx_word' id='word_1_73' title='bbox 323 1338 376 1405; x_wconf 83' lang='grc' dir='ltr'><em>σοί</em></span> <span class='ocrx_word' id='word_1_74' title='bbox 399 1335 488 1416; x_wconf 82' lang='grc' dir='ltr'><em>εἶδος</em></span> <span class='ocrx_word' id='word_1_75' title='bbox 510 1335 570 1423; x_wconf 68' lang='grc' dir='ltr'><em>μὲν</em></span> <span class='ocrx_word' id='word_1_76' title='bbox 594 1338 784 1425; x_wconf 81' lang='grc' dir='ltr'><em>ἀριπρεπές,</em></span> <span class='ocrx_word' id='word_1_77' title='bbox 797 1338 890 1404; x_wconf 89' lang='grc' dir='ltr'><em>ὀύδέ</em></span> <span class='ocrx_word' id='word_1_78' title='bbox 910 1363 968 1405; x_wconf 88' lang='grc' dir='ltr'><em>κεν</em></span> <span class='ocrx_word' id='word_1_79' title='bbox 990 1342 1097 1417; x_wconf 89' lang='grc' dir='ltr'><em>ἀλλως</em></span> 
     </span>
     <span class='ocr_line' id='line_1_12' title="bbox 179 1440 1000 1529; baseline -0.002 -17"><span class='ocrx_word' id='word_1_80' title='bbox 179 1443 258 1512; x_wconf 77' lang='grc' dir='ltr'><em>ούδέ</em></span> <span class='ocrx_word' id='word_1_81' title='bbox 280 1448 360 1523; x_wconf 92' lang='grc' dir='ltr'><em>θεὸς</em></span> <span class='ocrx_word' id='word_1_82' title='bbox 382 1446 520 1528; x_wconf 83' lang='grc' dir='ltr'><em>τεύξειε,</em></span> <span class='ocrx_word' id='word_1_83' title='bbox 543 1448 625 1510; x_wconf 93' lang='grc' dir='ltr'><em>νόον</em></span> <span class='ocrx_word' id='word_1_84' title='bbox 648 1440 680 1510; x_wconf 87' lang='grc' dir='ltr'><em>δ’</em></span> <span class='ocrx_word' id='word_1_85' title='bbox 706 1445 897 1529; x_wconf 89' lang='grc' dir='ltr'><em>ἀποφώλιός</em></span> <span class='ocrx_word' id='word_1_86' title='bbox 920 1444 1000 1511; x_wconf 87' lang='grc' dir='ltr'><em>ἐσσι.</em></span> 
     </span>
    </p>

    <p class='ocr_par' dir='ltr' id='par_1_6' title="bbox 178 1549 941 1638">
     <span class='ocr_line' id='line_1_13' title="bbox 178 1549 941 1638; baseline 0 -21"><span class='ocrx_word' id='word_1_87' title='bbox 178 1553 300 1638; x_wconf 81' lang='grc' dir='ltr'><em>ώριυάς</em></span> <span class='ocrx_word' id='word_1_88' title='bbox 322 1575 378 1636; x_wconf 93' lang='grc' dir='ltr'><em>μοι</em></span> <span class='ocrx_word' id='word_1_89' title='bbox 400 1553 513 1635; x_wconf 89' lang='grc' dir='ltr'><em>θυμὸν</em></span> <span class='ocrx_word' id='word_1_90' title='bbox 536 1549 585 1616; x_wconf 79' lang='grc' dir='ltr'><em>ἐνί</em></span> <span class='ocrx_word' id='word_1_91' title='bbox 608 1555 768 1636; x_wconf 74' lang='grc' dir='ltr'><em>στήθεσσι</em></span> <span class='ocrx_word' id='word_1_92' title='bbox 791 1555 941 1636; x_wconf 87' lang='grc' dir='ltr'><em>φίλοισιν</em></span> 
     </span>
    </p>

    <p class='ocr_par' dir='ltr' id='par_1_7' title="bbox 178 1653 1100 1743">
     <span class='ocr_line' id='line_1_14' title="bbox 178 1653 1100 1743; baseline 0 -19"><span class='ocrx_word' id='word_1_93' title='bbox 178 1660 280 1724; x_wconf 85' lang='grc' dir='ltr'><em>εἰπὼν</em></span> <span class='ocrx_word' id='word_1_94' title='bbox 304 1658 345 1724; x_wconf 89' lang='grc' dir='ltr'><em>οὐ</em></span> <span class='ocrx_word' id='word_1_95' title='bbox 367 1659 449 1723; x_wconf 84' lang='grc' dir='ltr'><em>κατὰ</em></span> <span class='ocrx_word' id='word_1_96' title='bbox 471 1661 605 1741; x_wconf 86' lang='grc' dir='ltr'><em>κόσμον.</em></span> <span class='ocrx_word' id='word_1_97' title='bbox 647 1657 711 1741; x_wconf 83' lang='grc' dir='ltr'><em>ἐγώ</em></span> <span class='ocrx_word' id='word_1_98' title='bbox 735 1653 766 1722; x_wconf 94' lang='grc' dir='ltr'><em>δ’</em></span> <span class='ocrx_word' id='word_1_99' title='bbox 792 1658 834 1723; x_wconf 91' lang='grc' dir='ltr'><em>ού</em></span> <span class='ocrx_word' id='word_1_100' title='bbox 856 1668 930 1741; x_wconf 79' lang='grc' dir='ltr'><em>νῆις</em></span> <span class='ocrx_word' id='word_1_101' title='bbox 953 1658 1100 1743; x_wconf 78' lang='grc' dir='ltr'><em>ἀέθλων,</em></span> 
     </span>
    </p>

    <p class='ocr_par' dir='ltr' id='par_1_8' title="bbox 178 1759 1189 1956">
     <span class='ocr_line' id='line_1_15' title="bbox 178 1759 1189 1849; baseline 0 -19"><span class='ocrx_word' id='word_1_102' title='bbox 178 1766 223 1842; x_wconf 87' lang='grc' dir='ltr'><em>ώς</em></span> <span class='ocrx_word' id='word_1_103' title='bbox 246 1766 289 1830; x_wconf 90' lang='grc' dir='ltr'><em>σύ</em></span> <span class='ocrx_word' id='word_1_104' title='bbox 312 1788 349 1847; x_wconf 93' lang='grc' dir='ltr'><em>γε</em></span> <span class='ocrx_word' id='word_1_105' title='bbox 372 1769 525 1848; x_wconf 83' lang='grc' dir='ltr'><em>μυθεῖαι,</em></span> <span class='ocrx_word' id='word_1_106' title='bbox 550 1759 620 1828; x_wconf 88' lang='grc' dir='ltr'><em>ἀλλ’</em></span> <span class='ocrx_word' id='word_1_107' title='bbox 648 1763 685 1828; x_wconf 87' lang='grc' dir='ltr'><em>ἐν</em></span> <span class='ocrx_word' id='word_1_108' title='bbox 707 1765 889 1849; x_wconf 85' lang='grc' dir='ltr'><em>πρώτοισιν</em></span> <span class='ocrx_word' id='word_1_109' title='bbox 911 1765 971 1830; x_wconf 90' lang='grc' dir='ltr'><em>όίω</em></span> <span class='ocrx_word' id='word_1_110' title='bbox 1139 1783 1189 1831; x_wconf 84' lang='lat'><em>180</em></span> 
     </span>
     <span class='ocr_line' id='line_1_16' title="bbox 178 1865 1082 1956; baseline 0 -20"><span class='ocrx_word' id='word_1_111' title='bbox 178 1873 330 1956; x_wconf 82' lang='grc' dir='ltr'><em>ἔμμεναι,</em></span> <span class='ocrx_word' id='word_1_112' title='bbox 354 1865 431 1956; x_wconf 84' lang='grc' dir='ltr'><em>ὄφρ’</em></span> <span class='ocrx_word' id='word_1_113' title='bbox 458 1870 522 1954; x_wconf 87' lang='grc' dir='ltr'><em>ήβη</em></span> <span class='ocrx_word' id='word_1_114' title='bbox 544 1892 579 1934; x_wconf 93' lang='grc' dir='ltr'><em>τε</em></span> <span class='ocrx_word' id='word_1_115' title='bbox 602 1872 765 1935; x_wconf 84' lang='grc' dir='ltr'><em>πεποίθεα</em></span> <span class='ocrx_word' id='word_1_116' title='bbox 787 1873 884 1955; x_wconf 91' lang='grc' dir='ltr'><em>χερσί</em></span> <span class='ocrx_word' id='word_1_117' title='bbox 902 1866 932 1936; x_wconf 83' lang='grc' dir='ltr'><em>τ’</em></span> <span class='ocrx_word' id='word_1_118' title='bbox 957 1871 1082 1956; x_wconf 76' lang='grc' dir='ltr'><em>ἐμῇσιν.</em></span> 
     </span>
    </p>
   </div>
   <div class='ocr_carea' id='block_1_4' title="bbox 178 1974 1309 2063">
    <p class='ocr_par' dir='ltr' id='par_1_9' title="bbox 178 1974 1309 2063">
     <span class='ocr_line' id='line_1_17' title="bbox 178 1974 1309 2063; baseline 0.002 -22"><span class='ocrx_word' id='word_1_119' title='bbox 178 1986 242 2041; x_wconf 88' lang='grc' dir='ltr'><em>νῦν</em></span> <span class='ocrx_word' id='word_1_120' title='bbox 271 1974 302 2040; x_wconf 90' lang='grc' dir='ltr'><em>δ’</em></span> <span class='ocrx_word' id='word_1_121' title='bbox 330 1979 445 2061; x_wconf 82' lang='grc' dir='ltr'><em>ἔχομαι</em></span> <span class='ocrx_word' id='word_1_122' title='bbox 467 1978 621 2058; x_wconf 84' lang='grc' dir='ltr'><em>κακότητι</em></span> <span class='ocrx_word' id='word_1_123' title='bbox 645 1974 701 2041; x_wconf 82' lang='grc' dir='ltr'><em>καὶ</em></span> <span class='ocrx_word' id='word_1_124' title='bbox 724 1977 851 2058; x_wconf 88' lang='grc' dir='ltr'><em>ἀλγεσι·</em></span> <span class='ocrx_word' id='word_1_125' title='bbox 878 1978 984 2041; x_wconf 91' lang='grc' dir='ltr'><em>πολλά</em></span> <span class='ocrx_word' id='word_1_126' title='bbox 1006 1978 1069 2063; x_wconf 91' lang='grc' dir='ltr'><em>γάρ</em></span> <span class='ocrx_word' id='word_1_127' title='bbox 1092 1980 1190 2062; x_wconf 82' lang='grc' dir='ltr'><em>ἔτλην</em></span> <span class='ocrx_word' id='word_1_128' title='bbox 1307 2026 1309 2030; x_wconf 63' lang='grc'><em>»</em></span> 
     </span>
    </p>
   </div>
   <div class='ocr_carea' id='block_1_5' title="bbox 178 2080 1191 3650">
    <p class='ocr_par' dir='ltr' id='par_1_10' title="bbox 179 2080 1112 2169">
     <span class='ocr_line' id='line_1_18' title="bbox 179 2080 1112 2169; baseline 0 -22"><span class='ocrx_word' id='word_1_129' title='bbox 179 2082 312 2166; x_wconf 86' lang='grc' dir='ltr'><em>ἀνδρῶν</em></span> <span class='ocrx_word' id='word_1_130' title='bbox 335 2105 368 2146; x_wconf 91' lang='grc' dir='ltr'><em>τε</em></span> <span class='ocrx_word' id='word_1_131' title='bbox 391 2081 574 2165; x_wconf 88' lang='grc' dir='ltr'><em>πτολέμους</em></span> <span class='ocrx_word' id='word_1_132' title='bbox 598 2080 750 2163; x_wconf 87' lang='grc' dir='ltr'><em>ἀλεγεινά</em></span> <span class='ocrx_word' id='word_1_133' title='bbox 772 2105 806 2146; x_wconf 93' lang='grc' dir='ltr'><em>τε</em></span> <span class='ocrx_word' id='word_1_134' title='bbox 831 2083 959 2165; x_wconf 87' lang='grc' dir='ltr'><em>κύματα</em></span> <span class='ocrx_word' id='word_1_135' title='bbox 981 2086 1112 2169; x_wconf 85' lang='grc' dir='ltr'><em>πείρων.</em></span> 
     </span>
    </p>

    <p class='ocr_par' dir='ltr' id='par_1_11' title="bbox 179 2182 1176 2273">
     <span class='ocr_line' id='line_1_19' title="bbox 179 2182 1176 2273; baseline 0.002 -21"><span class='ocrx_word' id='word_1_136' title='bbox 179 2189 262 2253; x_wconf 91' lang='grc' dir='ltr'><em>ἀλλά</em></span> <span class='ocrx_word' id='word_1_137' title='bbox 283 2185 338 2252; x_wconf 80' lang='grc' dir='ltr'><em>καὶ</em></span> <span class='ocrx_word' id='word_1_138' title='bbox 361 2182 419 2270; x_wconf 83' lang='grc' dir='ltr'><em>ὧς,</em></span> <span class='ocrx_word' id='word_1_139' title='bbox 443 2188 526 2252; x_wconf 90' lang='grc' dir='ltr'><em>κακά</em></span> <span class='ocrx_word' id='word_1_140' title='bbox 548 2189 654 2252; x_wconf 91' lang='grc' dir='ltr'><em>πολλά</em></span> <span class='ocrx_word' id='word_1_141' title='bbox 677 2187 812 2270; x_wconf 92' lang='grc' dir='ltr'><em>παθών,</em></span> <span class='ocrx_word' id='word_1_142' title='bbox 836 2187 1008 2273; x_wconf 86' lang='grc' dir='ltr'><em>πειρήσομ’</em></span> <span class='ocrx_word' id='word_1_143' title='bbox 1030 2188 1176 2254; x_wconf 87' lang='grc' dir='ltr'><em>ἀέθλων·</em></span> 
     </span>
    </p>

    <p class='ocr_par' dir='ltr' id='par_1_12' title="bbox 178 2292 1188 2488">
     <span class='ocr_line' id='line_1_20' title="bbox 178 2292 1188 2379; baseline 0.001 -20"><span class='ocrx_word' id='word_1_144' title='bbox 178 2294 373 2378; x_wconf 74' lang='grc' dir='ltr'><em>θυμοδακὴς</em></span> <span class='ocrx_word' id='word_1_145' title='bbox 395 2295 458 2379; x_wconf 89' lang='grc' dir='ltr'><em>γάρ</em></span> <span class='ocrx_word' id='word_1_146' title='bbox 481 2300 605 2377; x_wconf 87' lang='grc' dir='ltr'><em>μῦθος,</em></span> <span class='ocrx_word' id='word_1_147' title='bbox 629 2293 819 2379; x_wconf 77' lang='grc' dir='ltr'><em>ἐπώτρυνας</em></span> <span class='ocrx_word' id='word_1_148' title='bbox 843 2292 882 2358; x_wconf 89' lang='grc' dir='ltr'><em>δέ</em></span> <span class='ocrx_word' id='word_1_149' title='bbox 901 2317 942 2378; x_wconf 90' lang='grc' dir='ltr'><em>με</em></span> <span class='ocrx_word' id='word_1_150' title='bbox 964 2296 1098 2359; x_wconf 84' lang='grc' dir='ltr'><em>είπών.“</em></span> <span class='ocrx_word' id='word_1_151' title='bbox 1139 2313 1188 2362; x_wconf 81' lang='lat'><em>185</em></span> 
     </span>
     <span class='ocr_line' id='line_1_21' title="bbox 222 2395 1021 2488; baseline 0.001 -24"><span class='ocrx_word' id='word_1_152' title='bbox 222 2395 243 2484; x_wconf 88' lang='grc' dir='ltr'><em>ή</em></span> <span class='ocrx_word' id='word_1_153' title='bbox 267 2400 308 2484; x_wconf 79' lang='grc' dir='ltr'><em>ῥα</em></span> <span class='ocrx_word' id='word_1_154' title='bbox 331 2398 386 2465; x_wconf 85' lang='grc' dir='ltr'><em>καὶ</em></span> <span class='ocrx_word' id='word_1_155' title='bbox 409 2399 496 2488; x_wconf 75' lang='grc' dir='ltr'><em>αύτῷ</em></span> <span class='ocrx_word' id='word_1_156' title='bbox 521 2400 620 2484; x_wconf 88' lang='grc' dir='ltr'><em>φάρει</em></span> <span class='ocrx_word' id='word_1_157' title='bbox 643 2397 778 2477; x_wconf 76' lang='grc' dir='ltr'><em>ἀναΐξας</em></span> <span class='ocrx_word' id='word_1_158' title='bbox 801 2400 881 2482; x_wconf 90' lang='grc' dir='ltr'><em>λάβε</em></span> <span class='ocrx_word' id='word_1_159' title='bbox 904 2401 1021 2465; x_wconf 91' lang='grc' dir='ltr'><em>δίσκον</em></span> 
     </span>
    </p>

    <p class='ocr_par' dir='ltr' id='par_1_13' title="bbox 178 2504 1141 2593">
     <span class='ocr_line' id='line_1_22' title="bbox 178 2504 1141 2593; baseline 0.001 -22"><span class='ocrx_word' id='word_1_160' title='bbox 178 2509 310 2590; x_wconf 80' lang='grc' dir='ltr'><em>μείζονα</em></span> <span class='ocrx_word' id='word_1_161' title='bbox 332 2504 388 2569; x_wconf 80' lang='grc' dir='ltr'><em>καὶ</em></span> <span class='ocrx_word' id='word_1_162' title='bbox 411 2505 567 2588; x_wconf 88' lang='grc' dir='ltr'><em>πάχετου,</em></span> <span class='ocrx_word' id='word_1_163' title='bbox 591 2506 835 2590; x_wconf 83' lang='grc' dir='ltr'><em>στιβαρώτερον</em></span> <span class='ocrx_word' id='word_1_164' title='bbox 858 2505 920 2570; x_wconf 86' lang='grc' dir='ltr'><em>ούκ</em></span> <span class='ocrx_word' id='word_1_165' title='bbox 942 2506 1057 2590; x_wconf 90' lang='grc' dir='ltr'><em>ὀλίγον</em></span> <span class='ocrx_word' id='word_1_166' title='bbox 1080 2529 1141 2593; x_wconf 87' lang='grc' dir='ltr'><em>περ</em></span> 
     </span>
    </p>

    <p class='ocr_par' dir='ltr' id='par_1_14' title="bbox 178 2609 848 2701">
     <span class='ocr_line' id='line_1_23' title="bbox 178 2609 848 2701; baseline -0.004 -24"><span class='ocrx_word' id='word_1_167' title='bbox 178 2611 199 2695; x_wconf 84' lang='grc' dir='ltr'><em>ή</em></span> <span class='ocrx_word' id='word_1_168' title='bbox 223 2613 282 2701; x_wconf 74' lang='grc' dir='ltr'><em>οίςο</em></span> <span class='ocrx_word' id='word_1_169' title='bbox 309 2614 451 2694; x_wconf 89' lang='grc' dir='ltr'><em>Φαίηκες</em></span> <span class='ocrx_word' id='word_1_170' title='bbox 474 2610 624 2675; x_wconf 81' lang='grc' dir='ltr'><em>ἐδίσκεον</em></span> <span class='ocrx_word' id='word_1_171' title='bbox 647 2609 848 2693; x_wconf 93' lang='grc' dir='ltr'><em>ἀλλήλοισιν.</em></span> 
     </span>
    </p>

    <p class='ocr_par' dir='ltr' id='par_1_15' title="bbox 178 2711 1036 2803">
     <span class='ocr_line' id='line_1_24' title="bbox 178 2711 1036 2803; baseline 0 -20"><span class='ocrx_word' id='word_1_172' title='bbox 178 2720 238 2783; x_wconf 87' lang='grc' dir='ltr'><em>τόν</em></span> <span class='ocrx_word' id='word_1_173' title='bbox 261 2718 302 2803; x_wconf 82' lang='grc' dir='ltr'><em>ῥα</em></span> <span class='ocrx_word' id='word_1_174' title='bbox 325 2715 543 2802; x_wconf 72' lang='grc' dir='ltr'><em>περιστρέψας</em></span> <span class='ocrx_word' id='word_1_175' title='bbox 565 2711 624 2798; x_wconf 86' lang='grc' dir='ltr'><em>ήκε</em></span> <span class='ocrx_word' id='word_1_176' title='bbox 647 2719 804 2799; x_wconf 81' lang='grc' dir='ltr'><em>στιβαρῆς</em></span> <span class='ocrx_word' id='word_1_177' title='bbox 827 2716 891 2781; x_wconf 91' lang='grc' dir='ltr'><em>ἀπὸ</em></span> <span class='ocrx_word' id='word_1_178' title='bbox 914 2721 1036 2803; x_wconf 85' lang='grc' dir='ltr'><em>χειρός,</em></span> 
     </span>
    </p>

    <p class='ocr_par' dir='ltr' id='par_1_16' title="bbox 178 2818 1189 2910">
     <span class='ocr_line' id='line_1_25' title="bbox 178 2818 1189 2910; baseline 0.001 -22"><span class='ocrx_word' id='word_1_179' title='bbox 178 2826 348 2908; x_wconf 82' lang='grc' dir='ltr'><em>βόμβησεν</em></span> <span class='ocrx_word' id='word_1_180' title='bbox 372 2818 407 2887; x_wconf 77' lang='grc' dir='ltr'><em>δὲ</em></span> <span class='ocrx_word' id='word_1_181' title='bbox 431 2825 542 2898; x_wconf 85' lang='grc' dir='ltr'><em>λίθος·</em></span> <span class='ocrx_word' id='word_1_182' title='bbox 564 2823 647 2886; x_wconf 91' lang='grc' dir='ltr'><em>κατά</em></span> <span class='ocrx_word' id='word_1_183' title='bbox 671 2819 702 2886; x_wconf 89' lang='grc' dir='ltr'><em>δ’</em></span> <span class='ocrx_word' id='word_1_184' title='bbox 729 2822 870 2906; x_wconf 80' lang='grc' dir='ltr'><em>ἔπτηξαν</em></span> <span class='ocrx_word' id='word_1_185' title='bbox 892 2822 968 2888; x_wconf 87' lang='grc' dir='ltr'><em>ποτὶ</em></span> <span class='ocrx_word' id='word_1_186' title='bbox 991 2828 1069 2910; x_wconf 86' lang='grc' dir='ltr'><em>γαίη</em></span> <span class='ocrx_word' id='word_1_187' title='bbox 1138 2841 1189 2889; x_wconf 77' lang='grc'><em>190</em></span> 
     </span>
    </p>

    <p class='ocr_par' dir='ltr' id='par_1_17' title="bbox 182 2930 985 3014">
     <span class='ocr_line' id='line_1_26' title="bbox 182 2930 985 3014; baseline 0 -20"><span class='ocrx_word' id='word_1_188' title='bbox 182 2933 324 3012; x_wconf 86' lang='grc' dir='ltr'><em>Φαίηκες</em></span> <span class='ocrx_word' id='word_1_189' title='bbox 347 2931 591 3013; x_wconf 87' lang='grc' dir='ltr'><em>δολιχήρετμοι,</em></span> <span class='ocrx_word' id='word_1_190' title='bbox 615 2931 829 2993; x_wconf 89' lang='grc' dir='ltr'><em>ναυσίκλυτοι</em></span> <span class='ocrx_word' id='word_1_191' title='bbox 853 2930 985 3014; x_wconf 88' lang='grc' dir='ltr'><em>ἀνδρες,</em></span> 
     </span>
    </p>

    <p class='ocr_par' dir='ltr' id='par_1_18' title="bbox 179 3029 1114 3120">
     <span class='ocr_line' id='line_1_27' title="bbox 179 3029 1114 3120; baseline 0.001 -20"><span class='ocrx_word' id='word_1_192' title='bbox 179 3041 258 3112; x_wconf 83' lang='grc' dir='ltr'><em>λᾶος</em></span> <span class='ocrx_word' id='word_1_193' title='bbox 280 3035 345 3101; x_wconf 87' lang='grc' dir='ltr'><em>ὑπὸ</em></span> <span class='ocrx_word' id='word_1_194' title='bbox 369 3035 474 3120; x_wconf 78' lang='grc' dir='ltr'><em>ῥιπῆς.</em></span> <span class='ocrx_word' id='word_1_195' title='bbox 521 3034 539 3099; x_wconf 87' lang='grc' dir='ltr'><em>δ</em></span> <span class='ocrx_word' id='word_1_196' title='bbox 563 3029 594 3098; x_wconf 86' lang='grc' dir='ltr'><em>δ’</em></span> <span class='ocrx_word' id='word_1_197' title='bbox 619 3033 806 3118; x_wconf 88' lang='grc' dir='ltr'><em>ὑπέρπτατο</em></span> <span class='ocrx_word' id='word_1_198' title='bbox 830 3037 958 3119; x_wconf 90' lang='grc' dir='ltr'><em>σήματα</em></span> <span class='ocrx_word' id='word_1_199' title='bbox 980 3037 1114 3101; x_wconf 80' lang='grc' dir='ltr'><em>πάντων</em></span> 
     </span>
    </p>

    <p class='ocr_par' dir='ltr' id='par_1_19' title="bbox 179 3137 1127 3226">
     <span class='ocr_line' id='line_1_28' title="bbox 179 3137 1127 3226; baseline 0.001 -20"><span class='ocrx_word' id='word_1_200' title='bbox 179 3142 285 3226; x_wconf 82' lang='grc' dir='ltr'><em>ῥίμφα</em></span> <span class='ocrx_word' id='word_1_201' title='bbox 306 3139 398 3220; x_wconf 78' lang='grc' dir='ltr'><em>θέων</em></span> <span class='ocrx_word' id='word_1_202' title='bbox 421 3140 484 3206; x_wconf 88' lang='grc' dir='ltr'><em>ἀπὸ</em></span> <span class='ocrx_word' id='word_1_203' title='bbox 507 3142 622 3224; x_wconf 88' lang='grc' dir='ltr'><em>χειρός.</em></span> <span class='ocrx_word' id='word_1_204' title='bbox 669 3143 768 3225; x_wconf 86' lang='grc' dir='ltr'><em>ἔθηκε</em></span> <span class='ocrx_word' id='word_1_205' title='bbox 792 3138 829 3205; x_wconf 73' lang='grc' dir='ltr'><em>δὲ</em></span> <span class='ocrx_word' id='word_1_206' title='bbox 851 3137 980 3226; x_wconf 88' lang='grc' dir='ltr'><em>τέρματ’</em></span> <span class='ocrx_word' id='word_1_207' title='bbox 1003 3137 1127 3226; x_wconf 82' lang='grc' dir='ltr'><em>Ἀθήνη</em></span> 
     </span>
    </p>

    <p class='ocr_par' dir='ltr' id='par_1_20' title="bbox 179 3241 1128 3332">
     <span class='ocr_line' id='line_1_29' title="bbox 179 3241 1128 3332; baseline 0 -20"><span class='ocrx_word' id='word_1_208' title='bbox 179 3245 277 3332; x_wconf 86' lang='grc' dir='ltr'><em>ἀνδρὶ</em></span> <span class='ocrx_word' id='word_1_209' title='bbox 301 3244 401 3330; x_wconf 86' lang='grc' dir='ltr'><em>δέμας</em></span> <span class='ocrx_word' id='word_1_210' title='bbox 423 3245 545 3329; x_wconf 83' lang='grc' dir='ltr'><em>ἔικυῑα,</em></span> <span class='ocrx_word' id='word_1_211' title='bbox 569 3248 646 3322; x_wconf 84' lang='grc' dir='ltr'><em>ἔπος</em></span> <span class='ocrx_word' id='word_1_212' title='bbox 668 3241 697 3310; x_wconf 90' lang='grc' dir='ltr'><em>τ’</em></span> <span class='ocrx_word' id='word_1_213' title='bbox 723 3243 817 3330; x_wconf 83' lang='grc' dir='ltr'><em>ἔφατ’</em></span> <span class='ocrx_word' id='word_1_214' title='bbox 843 3249 879 3312; x_wconf 89' lang='grc' dir='ltr'><em>ἐκ</em></span> <span class='ocrx_word' id='word_1_215' title='bbox 900 3245 929 3312; x_wconf 88' lang='grc' dir='ltr'><em>τ’</em></span> <span class='ocrx_word' id='word_1_216' title='bbox 956 3247 1128 3332; x_wconf 81' lang='grc' dir='ltr'><em>ὀνόμαζεν·</em></span> 
     </span>
    </p>

    <p class='ocr_par' dir='ltr' id='par_1_21' title="bbox 180 3351 1191 3438">
     <span class='ocr_line' id='line_1_30' title="bbox 180 3351 1191 3438; baseline 0.002 -20"><span class='ocrx_word' id='word_1_217' title='bbox 180 3356 260 3436; x_wconf 91' lang='grc' dir='ltr'><em>,,καί</em></span> <span class='ocrx_word' id='word_1_218' title='bbox 279 3351 309 3416; x_wconf 88' lang='grc' dir='ltr'><em>κ’</em></span> <span class='ocrx_word' id='word_1_219' title='bbox 337 3351 436 3428; x_wconf 90' lang='grc' dir='ltr'><em>ἀλαός</em></span> <span class='ocrx_word' id='word_1_220' title='bbox 459 3375 525 3434; x_wconf 90' lang='grc' dir='ltr'><em>τοι,</em></span> <span class='ocrx_word' id='word_1_221' title='bbox 550 3352 649 3435; x_wconf 82' lang='grc' dir='ltr'><em>ξεῖνε,</em></span> <span class='ocrx_word' id='word_1_222' title='bbox 674 3353 851 3436; x_wconf 86' lang='grc' dir='ltr'><em>διακρίνειε</em></span> <span class='ocrx_word' id='word_1_223' title='bbox 873 3354 911 3418; x_wconf 84' lang='grc' dir='ltr'><em>τὸ</em></span> <span class='ocrx_word' id='word_1_224' title='bbox 935 3363 1022 3438; x_wconf 79' lang='grc' dir='ltr'><em>σῆμα</em></span> <span class='ocrx_word' id='word_1_225' title='bbox 1140 3373 1191 3420; x_wconf 80' lang='grc'><em>195</em></span> 
     </span>
    </p>

    <p class='ocr_par' dir='ltr' id='par_1_22' title="bbox 180 3456 1075 3549">
     <span class='ocr_line' id='line_1_31' title="bbox 180 3456 1075 3549; baseline 0.003 -27"><span class='ocrx_word' id='word_1_226' title='bbox 180 3458 384 3542; x_wconf 85' lang='grc' dir='ltr'><em>ἀμφαφόων,</em></span> <span class='ocrx_word' id='word_1_227' title='bbox 408 3456 478 3523; x_wconf 81' lang='grc' dir='ltr'><em>ἐπεὶ</em></span> <span class='ocrx_word' id='word_1_228' title='bbox 502 3457 542 3522; x_wconf 86' lang='grc' dir='ltr'><em>ού</em></span> <span class='ocrx_word' id='word_1_229' title='bbox 565 3482 596 3521; x_wconf 90' lang='grc' dir='ltr'><em>τι</em></span> <span class='ocrx_word' id='word_1_230' title='bbox 619 3457 820 3543; x_wconf 86' lang='grc' dir='ltr'><em>μεμιγμένον</em></span> <span class='ocrx_word' id='word_1_231' title='bbox 843 3457 933 3524; x_wconf 81' lang='grc' dir='ltr'><em>ἐστὶν</em></span> <span class='ocrx_word' id='word_1_232' title='bbox 956 3460 1075 3549; x_wconf 79' lang='grc' dir='ltr'><em>ὁμίλῳ,</em></span> 
     </span>
    </p>

    <p class='ocr_par' dir='ltr' id='par_1_23' title="bbox 181 3561 1166 3650">
     <span class='ocr_line' id='line_1_32' title="bbox 181 3561 1166 3650; baseline 0.005 -24"><span class='ocrx_word' id='word_1_233' title='bbox 181 3562 263 3627; x_wconf 88' lang='grc' dir='ltr'><em>ἀλλά</em></span> <span class='ocrx_word' id='word_1_234' title='bbox 286 3567 372 3628; x_wconf 87' lang='grc' dir='ltr'><em>πολὺ</em></span> <span class='ocrx_word' id='word_1_235' title='bbox 395 3575 535 3648; x_wconf 85' lang='grc' dir='ltr'><em>πρῶτον.</em></span> <span class='ocrx_word' id='word_1_236' title='bbox 583 3566 625 3628; x_wconf 83' lang='grc' dir='ltr'><em>σύ</em></span> <span class='ocrx_word' id='word_1_237' title='bbox 649 3561 686 3630; x_wconf 71' lang='grc' dir='ltr'><em>δὲ</em></span> <span class='ocrx_word' id='word_1_238' title='bbox 708 3566 828 3650; x_wconf 86' lang='grc' dir='ltr'><em>θάρσει</em></span> <span class='ocrx_word' id='word_1_239' title='bbox 850 3567 947 3631; x_wconf 91' lang='grc' dir='ltr'><em>τόνδε</em></span> <span class='ocrx_word' id='word_1_240' title='bbox 970 3561 1001 3649; x_wconf 88' lang='grc' dir='ltr'><em>γ’</em></span> <span class='ocrx_word' id='word_1_241' title='bbox 1027 3568 1166 3631; x_wconf 88' lang='grc' dir='ltr'><em>ἀεθλον·</em></span> 
     </span>
    </p>
   </div>
   <div class='ocr_carea' id='block_1_6' title="bbox 0 0 1327 3917">
    <p class='ocr_par' dir='ltr' id='par_1_24' title="bbox 0 0 1327 3917">
     <span class='ocr_line' id='line_1_33' title="bbox 0 0 1327 3917; baseline 0 0"><span class='ocrx_word' id='word_1_242' title='bbox 0 0 1327 3917; x_wconf 95' lang='lat' dir='ltr'><em> </em></span> 
     </span>
    </p>
   </div>
  </div>
 </body>
</html>
