2642 3917
495 188 705 240 ΟΔΤΣΣΕΙΔΣ
723 187 785 238 ΧΗ.
1089 182 1153 246 195

146 331 262 397 αὐτίκα
286 328 318 396 δ’
345 330 429 396 ὅπλα
452 329 570 396 ἕκαστα
593 329 817 412 πονησάμενοι
840 329 921 392 κατὰ
944 336 1007 410 νῇα

146 437 268 521 ήμεθα·
291 438 352 520 τήν
376 435 406 502 δ’
433 439 552 520 ἀνεμός
574 460 608 501 τε
632 437 835 520 κυβερνήτης
857 432 886 498 τ’
913 439 1041 499 ίθυνεν.
1152 456 1154 461 ·

7 543 15 578 '⁴
147 545 187 627 δή
211 541 277 608 τότ’
305 543 390 626 ἐγὼν
413 543 556 628 ἑτάροισι
579 543 751 628 μετηύδων
774 541 956 625 ἀχνύμενος
979 548 1055 623 κῆρ’

147 645 183 730 ,ὦ
208 653 316 733 φίλοι,
339 649 381 714 ού
403 651 466 731 γάρ
489 650 550 733 χρή
574 648 632 714 ἕνα
656 650 787 732 ἴδμεναι
810 644 889 713 οὐδὲ
913 644 966 712 δύ’
994 652 1086 722 οίους

147 751 309 838 θέσφαθ’,
333 754 354 818 ἀ
376 778 432 838 μοι
456 756 562 838 Κίρκη
586 756 777 838 μυθήσατο,
802 754 857 818 δία
880 754 1006 817 θεάων·
1103 767 1154 816 155

148 858 218 925 ἀλλ’
246 859 326 944 ἐρέω
349 855 410 943 μὲν
432 859 533 942 ἐγών,
557 861 613 924 ἵνα
635 860 760 936 είδότες
782 860 804 942 ἦ
826 882 863 925 κε
885 858 1044 941 θάνωμεν

147 967 167 1048 ή
190 989 248 1030 κεν
271 965 466 1050 ἀλευάμενοι
489 967 638 1032 θάνατον
660 964 716 1030 καὶ
738 974 822 1049 κῇρα
844 965 1017 1048 φύγοιμεν.

148 1074 321 1155 Σειρήνων
344 1069 404 1156 μὲν
426 1059 558 1153 πρῶτον
581 1073 702 1155 ἀνώγει
724 1070 935 1136 θεσπεσιάων

148 1180 303 1263 φθόγγον
326 1177 509 1242 ἀλεύασθαι
532 1177 587 1243 καὶ
609 1175 742 1262 λειμῶν’
769 1176 982 1260 ἀνθεμόεντα.

148 1280 222 1349 οἷον
244 1282 294 1368 ἔμ’
320 1283 462 1366 ἠνώγειν
485 1281 537 1348 ὄπ’
565 1282 739 1368 ἀκουέμεν·
763 1283 845 1348 ἀλλά
868 1305 907 1365 με
931 1282 1040 1367 δεσμῷ
1106 1295 1156 1344 160

149 1387 262 1473 δήσατ’
290 1387 326 1454 ἐν
350 1387 513 1476 ἀργαλέῳ,
538 1387 615 1474 ὄφρ’
642 1390 785 1473 ἔμπεδον
808 1388 928 1453 αὐτόθι
951 1388 1075 1470 μίμνω,

149 1496 255 1581 ὀρθὸν
278 1494 315 1561 ἐν
338 1494 508 1580 ίστοπέδη,
532 1494 568 1559 ἐκ
591 1492 622 1559 δ’
649 1494 754 1560 αὐτοῦ
776 1493 901 1577 πείρατ’
928 1493 1079 1575 ἀνήφθω.

149 1605 180 1667 εί
201 1601 241 1667 δέ
261 1625 296 1666 κε
320 1604 481 1686 λίσσωμαι
504 1599 605 1684 ὑμέας
628 1603 730 1665 λῦσαί
749 1623 784 1665 τε
807 1600 945 1681 κελεύω,

149 1707 241 1792 ὑμεῖς
265 1704 301 1772 δέ
325 1710 497 1773 πλεόνεσσι
517 1703 582 1771 τότ’
610 1705 646 1771 ἐν
670 1707 820 1790 δεσμοῖσι
842 1704 983 1783 πιέζειν(

192 1810 213 1898 ή
236 1839 288 1881 τοι
312 1815 374 1898 ἐγὼ
397 1816 437 1880 τά
460 1815 578 1880 ἕκαστα
601 1811 708 1896 λέγων
726 1811 870 1896 ἑτάροισι
888 1815 1093 1895 πίφαυσκον·
1107 1824 1156 1875 165

149 1925 256 2007 τόφρα
280 1918 317 1987 δὲ
340 1923 549 2004 καρπαλίμως
573 1919 694 1999 ἐξίκετο
718 1927 800 2001 νηῦς
823 1916 959 2002 ἐνεργής
1095 2001 1098 2009 Ι

150 2036 254 2110 νῇσον
277 2029 483 2111 Σειρήνοιιν·
507 2028 613 2108 ἔπειγε
636 2025 700 2109 γάρ
724 2018 824 2107 οὖρος
847 2022 993 2106 ἀπήμων.

151 2131 255 2198 αὐτίκ’
283 2128 380 2197 ἔπειτ’
408 2132 527 2214 ἀνεμος
549 2127 610 2214 μὲν
633 2129 814 2210 ἐπαύσατο,
838 2128 858 2210 ή
882 2125 918 2193 δέ
941 2129 1067 2211 γαλήνη

152 2241 265 2303 ἔπλετο
288 2238 442 2319 νηνεμίη,
466 2238 601 2319 κοίμησε
625 2230 662 2299 δὲ
685 2234 812 2318 κύματα
836 2235 971 2317 δαίμων.

152 2342 328 2419 ἀνστάντες
352 2339 382 2407 δ’
409 2340 519 2424 ἕταροι
541 2342 617 2418 νεὸς
640 2341 727 2406 ίστία
750 2340 939 2425 μηρύσαντο
1108 2357 1158 2405 170

151 2447 267 2515 καὶτὰ
290 2444 350 2532 μέν
373 2446 409 2513 ἐν
431 2444 486 2530 νηὶ
509 2450 663 2531 γλαφυρῇ
685 2445 807 2528 θέσαν,
830 2446 866 2510 οί
886 2443 917 2510 δ’
944 2444 993 2511 ἐπ’
1020 2445 1136 2532 έρετμὰ

152 2554 297 2638 ἑζόμενοι
321 2553 497 2618 λεύκαινον
519 2550 611 2636 ὕδωρ
635 2550 749 2636 ξεστῇς
771 2549 932 2635 λέἀτησιν.

152 2661 255 2744 αὐτὰρ
279 2658 343 2742 ἐγὼ
365 2668 482 2744 κηροῖο
505 2656 609 2741 μέγαν
630 2657 751 2741 τροχὸν
774 2654 841 2734 ὀξέι
862 2660 971 2743 χαλκῷ

152 2763 257 2830 τυτθὰ
281 2763 458 2850 διατμήξας
480 2761 572 2848 χερσὶ
595 2765 768 2846 στιβαρῇσι
791 2765 915 2840 πίεζον·

23 2901 29 2914 ·
153 2867 234 2948 αἶψα
257 2869 288 2936 δ’
315 2874 438 2936 ἰαίνετο
460 2873 575 2955 κηρός,
600 2868 669 2936 ἐπεὶ
692 2868 803 2935 κέλετο
826 2870 950 2954 μεγάλη
973 2871 1004 2947 ἲς
1109 2888 1158 2936 111)

150 2974 281 3042 Ἠελίου
303 2975 331 3042 τ’
358 2976 443 3060 αύγή
462 2973 688 3060 ’Τπεριονίδαο
712 2977 863 3052 ἀνακτος·

153 3081 255 3165 ἑξείης
279 3079 309 3147 δ’
337 3080 501 3164 ἑτάροισιν
524 3079 573 3146 ἐπ’
601 3082 703 3146 οὔατα
726 3091 828 3146 πᾶσιν
851 3083 977 3159 άλειψα.

6 3169 31 3210 ’“
153 3189 188 3253 οί
209 3184 239 3252 δ’
266 3187 302 3254 ἐν
324 3191 384 3271 νηί
403 3185 436 3272 μ’
464 3189 586 3271 ἔδησαν
609 3188 693 3271 ὁμοῦ
716 3189 827 3273 χεῖράς
848 3212 882 3255 τε
905 3190 1009 3264 πόδας
1031 3209 1066 3252 τε

153 3294 259 3378 ὀρθὸν
282 3292 318 3358 ἐν
343 3290 513 3377 ίστοπέδη,
538 3292 573 3358 ἐκ
597 3291 626 3358 δ’
654 3293 757 3359 αὐτοῦ
780 3291 905 3378 πείρατ’
933 3294 1092 3376 ἀνῆπτον·

154 3397 248 3464 αὐτοὶ
271 3389 301 3464 δ’
329 3397 475 3483 ἑζόμενοι
497 3399 617 3481 πολιήν
640 3399 703 3464 ἀλα
726 3401 848 3464 τύπτου
872 3398 1026 3482 ἐρετμοῖς.
1110 3416 1157 3464 180

154 3503 224 3571 ἀλλ’
251 3505 304 3571 ὅτε
327 3507 449 3570 τόσσον
473 3503 615 3588 ἀπῇμεν,
634 3505 715 3569 ὅσον
738 3527 772 3568 τε
794 3503 918 3590 γέγωνε
941 3505 1078 3586 βοήσας,

895 3609 948 3661 13*
