2642 3917
511 182 720 239 ΟΔΤΣΣΕῙΔΣ
738 186 759 237 L
1103 183 1141 245 ll

133 324 258 399 πάντας
280 320 332 389 ἐπ’
358 321 574 409 ἀνθρώπους,
597 323 668 391 ἐπεὶ
690 328 804 391 ἔκτανε
826 334 1060 411 πατροφονῆα,
1111 345 1112 348 ’

135 432 303 511 Αίγισθον
326 431 515 514 δολόμητιν,
539 430 557 496 ὅ
581 430 617 495 οί
635 429 761 517 πατέρα
783 432 906 498 κλυτὸν
927 433 1017 510 ἒκτας
1088 447 1144 496 ,300

134 532 188 599 καὶ
211 536 270 618 σύ,
293 538 407 620 φίλος,
430 537 516 620 μάλα
539 537 603 622 γάρ
626 533 657 602 σ’
670 536 771 622 ιδρόω
793 540 896 604 καλόν
918 560 953 602 τε
976 535 1081 621 μέγαν
1098 559 1145 617 τε,

135 642 270 725 άλκιμος
292 640 376 725 ἔσσ’,
399 642 455 708 ἵνα
477 646 526 719 τίς
549 659 586 707 σε
608 640 664 708 καί
688 641 856 726 όήιγόνων
878 643 916 709 ἐὺ
939 649 1024 728 είπη.

135 747 238 833 αὐτάρ
262 747 348 831 ἐγὼν
370 746 423 813 ἐπὶ
445 756 509 833 νηα
532 750 622 833 θοήν
644 750 880 833 κατελεύσομαι
902 750 966 832 ἤδη

134 851 187 936 ηδ’
214 852 366 938 ἑτάρους,
389 855 425 921 οἵ
444 854 510 919 πού
534 878 573 939 με
596 852 672 940 μάλ’
699 853 885 937 ἀσχαλόωσι
908 853 1089 940 μένοντες·

134 956 189 1024 σοί
211 957 243 1024 δ’
270 960 358 1048 αὐτῷ
381 958 520 1044 μελέτω,
542 958 599 1025 καί
620 959 709 1044 ἐμῶν
732 951 870 1045 ἐμπάζεο
892 961 1045 1045 μύθων.“
1092 977 1144 1025 305

178 1064 239 1148 τήν
262 1063 293 1131 δ’
320 1059 362 1130 αὖ
390 1064 578 1149 Τηλέμαχος
600 1063 809 1150 πεπνυμένος
831 1065 947 1130 άντίον
968 1067 1069 1150 ηὔδα·

135 1168 251 1255 ,,ξείν’,
273 1166 294 1255 ἦ
316 1194 370 1237 τοι
392 1167 453 1256 μὲν
474 1179 578 1236 ταῦτα
601 1173 684 1255 φίλα
706 1169 861 1255 φρονέων
884 1170 1069 1256 ἀγορεύεις,

135 1277 179 1353 ὥς
201 1300 237 1343 τε
259 1278 366 1362 πατὴρ
390 1268 415 1365 ηδ
438 1278 548 1360 παιδί,
571 1275 626 1342 καὶ
649 1277 792 1344 οὔποτε
815 1279 958 1361 λήσομαι
980 1277 1100 1344 αὐτῶν.

135 1380 206 1447 ἀλλ’
233 1383 292 1466 άγε
314 1391 379 1447 νῦν
402 1382 572 1467 ἐπίμεινον
594 1380 804 1467 ἐπειγόμενός
826 1404 888 1467 περ
912 1382 1021 1465 όδοῑο,

135 1490 224 1574 όφρα
247 1489 467 1573 λοεσσάμενός
489 1511 524 1553 τε
546 1489 786 1573 τεταρπόμενός
808 1512 843 1554 τε
867 1493 969 1574 φίλον
991 1499 1070 1575 κήρ,
1094 1506 1146 1555 ³10

136 1596 247 1680 δῶρον
269 1597 354 1679 ἔχων
377 1592 430 1659 ἐπὶ
451 1602 517 1677 νῆα
538 1597 611 1680 κίης
634 1597 760 1680 χαίρων
782 1593 833 1661 ἐνὶ
855 1601 971 1684 θυμῷ,

9 1738 12 1744 -
135 1709 265 1784 τιμῆεν,
288 1701 376 1784 μάλα
397 1702 515 1783 καλόν,
539 1700 557 1765 ὅ
579 1722 632 1765 τοι
654 1702 825 1785 κειμήλιον
848 1704 938 1767 ἐσται

136 1805 169 1886 ἐξ
193 1805 287 1889 ἐμεῦ,
312 1796 366 1871 οἷα
388 1809 483 1890 φίλοι
507 1807 609 1886 ξεῖνοι
632 1805 769 1885 ξείνοισι
792 1807 978 1872 διδοῦσιν.“

180 1912 240 1978 τὸν
263 1909 294 1976 δ’
321 1910 462 1996 ἠμείβετ’
489 1915 600 1978 ἔπειτα
621 1912 702 1994 θεά,
725 1916 913 1995 γλαυκῶπις
933 1910 1071 1996 Ἀθήνη·

137 2019 204 2101 ,μή
227 2014 260 2101 μ’
287 2020 335 2084 ἔτι
357 2028 421 2085 νῦν
443 2018 601 2105 κατάρατε
625 2021 836 2103 λιλαιόμενόν
853 2040 914 2104 περ
938 2018 1039 2084 ὁδοῖο.
1095 2036 1146 2083 315

137 2124 248 2207 δῶρον
271 2121 317 2207 δ’,
341 2124 410 2190 ὅττι
432 2121 472 2189 κέ
492 2147 549 2208 μοι
572 2125 693 2190 δοῦναι
716 2126 817 2208 φίλον
839 2118 920 2207 ἦτορ
943 2122 1070 2208 άνύγη,
1113 2136 1115 2140 ’

136 2224 230 2307 αὖτις
252 2228 461 2318 ἀνερχομένῳ
485 2230 622 2314 δόμεναι
645 2230 777 2294 οίκόνδε
801 2227 978 2313 φέρεσθαι,

139 2332 194 2399 καὶ
217 2336 305 2420 μάλα
326 2336 430 2401 καλὸν
453 2333 550 2401 ἑλών·
574 2333 627 2401 σοὶ
651 2332 682 2400 δ’
708 2334 802 2413 άξιον
825 2337 915 2399 ἔσται
938 2333 1107 2419 άμοιβής.“

180 2439 202 2524 ἡ
225 2436 286 2525 μὲν
309 2438 361 2525 ἄρ’
388 2435 432 2518 ὧς
454 2438 582 2505 είποῦσ’
609 2438 713 2523 ἀπέβη
736 2444 924 2522 γλαυκῶπις
945 2438 1083 2524 Ἀθήνη,

137 2547 230 2631 ὄρνις
254 2543 284 2611 δ’
311 2546 355 2623 ὣς
377 2544 520 2611 άνόπαια
544 2544 711 2613 διέπτατο·
733 2554 778 2632 τῶ
802 2543 833 2610 δ’
860 2543 910 2611 ἐνὶ
931 2552 1030 2634 θυμῷ
1095 2564 1146 2613 3νο

137 2656 221 2735 θήκε
244 2651 342 2736 μένος
363 2649 419 2717 καὶ
440 2652 583 2738 θάρσος,
606 2648 795 2736 ὑπέμνησέν
816 2649 855 2717 τέ
875 2650 892 2717 ἕ
912 2654 1035 2736 πατρὸς

138 2761 265 2841 μᾶλλον
286 2754 331 2824 ἐτ’
356 2756 378 2841 ἢ
400 2758 437 2823 τὸ
460 2757 632 2841 πάροιθεν.
679 2756 698 2822 ό
721 2754 758 2823 δέ
780 2755 901 2842 φρεσὶν
924 2748 980 2843 ᾖσι
1002 2760 1126 2841 νοήσας

137 2864 312 2947 θάμβησεν
333 2864 415 2929 κατὰ
436 2865 562 2946 θυμόν·
586 2861 699 2927 ὀίσατο
721 2864 785 2947 γάρ
807 2865 890 2929 θεὸν
913 2860 1007 2928 εἶναι.

138 2969 255 3035 αὐτίκα
278 2966 315 3035 δέ
337 2978 525 3055 μνηστῆρας
547 2965 689 3055 ἐπῴχετο
712 2970 846 3044 ἰσόθεος
868 2970 948 3054 φώς.

182 3086 269 3141 τοῖσι
292 3073 323 3140 δ’
351 3074 463 3151 άοιδδς
486 3074 575 3139 άειδε
598 3076 807 3157 περικλυτός,
831 3075 866 3139 οί
886 3072 923 3140 δέ
946 3084 1052 3160 σιωπή
1094 3090 1145 3139 32⁶

139 3179 218 3245 εἵατ’
246 3180 435 3257 ἀκούοντες·
469 3176 541 3245 ὁδ’
564 3176 703 3264 Ἀγαιῶν
724 3181 846 3245 νόστον
869 3181 979 3245 άειδεν

139 3288 278 3372 λυγρόν,
301 3285 343 3352 ὃν
365 3286 401 3353 έκ
427 3288 547 3372 Τροίης
569 3284 754 3351 ἐπετείλατο
778 3286 913 3362 Παλλάς
932 3284 1065 3369 Ἀθήνη.

138 3401 198 3459 τοῦ
222 3391 253 3457 δ’
278 3392 487 3477 ὑπερωιόθεν
510 3388 610 3477 φρεσί
632 3392 777 3455 σύνθετο
799 3389 922 3456 θέσπιν
945 3391 1063 3473 άοιδήν

139 3498 243 3583 κούρη
260 3495 413 3583 Ἰκαρίοιο
436 3500 609 3583 περίφρων
633 3498 854 3579 Πηνελόπεια·
