2642 3917
537 216 737 271 SUMMARIA.
1076 214 1138 267 Xlll

132 384 263 444 cinctum
284 385 316 444 in
339 385 443 443 urbem
466 387 497 443 et
522 385 560 443 ad
587 385 674 444 aedes
697 385 815 444 Alcinoi
842 385 953 443 ducens
980 384 1140 461 diligenter

132 474 272 533 admonet
293 466 440 555 (1—77).
486 472 533 531 Sic
562 472 643 532 solus
671 473 839 551 ingreditur
867 472 982 550 regiam
1010 470 1139 547 splendi-

7 567 16 597 r
133 562 251 621 dissime
267 564 412 639 ornatam,
426 560 478 620 ubi
496 561 639 637 primores
654 562 825 620 Phaeacum
843 563 1040 639 congregatos
1058 558 1140 619 videt

130 651 211 716 ,circa
233 650 344 710 Areten
362 650 508 728 reginam,
532 649 582 709 cui
603 649 735 725 primum
758 649 919 726 supplicat,
949 652 1041 725 atque
1060 647 1140 705 Alci-

133 758 233 817 noum,
248 738 301 814 qui
315 758 384 797 eum
397 738 527 814 hospitio
542 738 651 814 accipit
664 737 802 814 donaque
816 737 968 814 promittit
981 740 1012 795 et
1025 755 1140 812 navem,
1170 772 1173 777 -

8 854 15 882 ι
135 846 195 904 qua
221 827 394 904 propediem
420 826 452 885 in
481 827 612 902 patriam
640 826 807 885 deducatur
834 818 1025 906 (ra-225).
1071 824 1141 883 Per-

135 918 274 975 contante
301 918 371 992 post
397 933 500 987 cenam
522 915 625 992 Arete,
654 915 738 974 cuias
765 917 843 973 esset
870 916 901 974 et
926 914 1005 973 unde
1027 914 1140 974 restem

134 1004 258 1064 haberet
276 1005 454 1081 (agnoverat
467 1003 547 1062 enim
560 994 650 1085 eam),
664 1002 769 1079 paucis
786 1003 879 1062 refert
893 1021 970 1079 quae
989 1002 1047 1060 sibi
1066 1000 1141 1059 acci-

135 1093 241 1152 derant
269 1092 306 1151 ab
334 1090 453 1169 Ogygia
484 1090 584 1151 insula
609 1109 706 1167 usque
735 1092 773 1149 ad
802 1091 954 1151 Scheriam
985 1089 1143 1167 naviganti

136 1176 356 1258 (iffi—2903
382 1180 553 1257 bonumque
581 1180 715 1239 animum
740 1180 849 1239 habere
876 1180 976 1237 iussus
999 1179 1143 1238 suadente

136 1271 222 1329 nocte
246 1268 342 1345 quieti
364 1268 499 1328 concedit
522 1262 737 1347 (asa-347).

596 1456 686 1523 VIII.

204 1570 326 1629 Postero
359 1570 406 1629 die
438 1569 470 1629 in
500 1569 620 1646 publico
658 1568 783 1628 concilio
815 1569 967 1629 consultat
999 1566 1144 1625 Alcinous

138 1660 174 1718 de
200 1658 317 1734 hospite
341 1658 463 1717 domum
485 1657 654 1717 deducendo
678 1657 885 1733 principesque
908 1655 1014 1732 populi
1037 1657 1068 1713 et
1092 1654 1144 1713 flo-

6 1748 14 1774 ‘
137 1767 202 1807 rem
226 1746 393 1806 iuventutis
420 1747 459 1806 ad
481 1747 585 1822 epulas
608 1748 697 1806 vocat
718 1746 765 1803 illi
787 1745 971 1820 praebendas
995 1734 1143 1825 (1-45).

139 1834 250 1895 Statim
276 1835 398 1895 iuvenes
426 1836 571 1894 adornata
598 1834 669 1892 navi
695 1834 727 1891 in
753 1833 868 1912 regiam
894 1831 1013 1891 Alcinoi
1040 1849 1144 1890 conve-

139 1924 239 2001 niunt,
268 1942 327 1999 quo
355 1926 386 1983 et
412 1922 598 1983 Demodocus
626 1922 748 1999 accitur,
777 1922 901 1981 canendi
933 1920 972 1979 ad
999 1919 1145 1979 citharam

9 2024 15 2053 ²
138 2011 254 2090 peritus
277 2003 468 2093 (46-103).
510 2010 616 2069 Pransi
639 2028 740 2070 omncs
762 2011 921 2069 conferunt
943 2028 973 2069 se
996 2008 1144 2067 inferum

140 2101 179 2159 ad
201 2099 354 2177 gymnicos
376 2100 463 2159 ludos
485 2100 648 2177 faciendoS,
680 2098 789 2175 quibus
812 2098 913 2157 Ulixes
935 2096 1092 2157 lacessitus
1114 2113 1145 2153 se

139 2188 287 2247 immiscet
313 2192 344 2247 et
370 2188 531 2249 certamine
559 2188 632 2248 disci
654 2187 749 2247 vincit
771 2177 985 2268 (rol-255).
1030 2183 1145 2242 Deinde

141 2278 271 2336 saltatur
297 2296 315 2335 a
337 2276 495 2337 iuvenibus
518 2296 648 2353 carmen,
673 2277 753 2353 quod
775 2274 962 2334 Demodocus
985 2275 1088 2331 cantat
1110 2271 1146 2330 de

141 2365 292 2425 amoribus
319 2366 424 2423 Martis
451 2368 482 2425 et
503 2365 640 2440 Veneria,
668 2365 760 2423 etiam
786 2363 911 2439 simplex
938 2380 1031 2440 genus
1055 2361 1145 2419 salta-

140 2454 231 2513 tionis
255 2453 376 2512 additur
399 2445 612 2534 (rao-384).
657 2453 723 2511 Iam
751 2454 898 2528 parantur
919 2450 1001 2509 Ulixi
1028 2450 1106 2508 dona
1129 2468 1148 2507 a

141 2542 325 2619 principibus
349 2544 379 2601 et
401 2542 547 2619 Euryalo,
571 2542 624 2617 qui
647 2561 716 2600 eum
739 2543 828 2599 antea
850 2540 938 2599 dictis
963 2538 1147 2613 lacessierat3

141 2649 211 2690 mox
232 2630 264 2689 in
286 2629 405 2689 Alcinoi
432 2630 553 2689 aedibus
580 2630 678 2689 calida
706 2630 787 2689 lotus
810 2628 914 2704 epulas
937 2626 1002 2687 adit
1024 2617 1147 2708 (385-

143 2709 230 2800 469).
276 2718 312 2776 In
338 2718 384 2777 his
406 2718 593 2780 Demodocus
621 2718 656 2777 de
685 2736 762 2793 equo
784 2716 885 2795 ligneo
908 2720 939 2775 et
960 2714 1011 2773 llii
1034 2714 1147 2774 excidio

142 2825 250 2867 canens
276 2806 359 2866 hercl
392 2807 565 2866 memoriam
597 2806 758 2882 superioris
785 2806 923 2864 fortunae
951 2806 982 2862 et
1010 2802 1149 2861 lacrimas

142 2898 254 2971 movet3
277 2915 313 2954 ex
337 2914 396 2971 quo
423 2914 492 2954 eum
513 2897 601 2973 rogat
624 2894 776 2971 Alcinous,
800 2897 844 2971 ut,
868 2892 935 2969 quis
959 2892 999 2951 sit
1021 2893 1052 2950 et
1075 2908 1150 2967 quos

143 3002 229 3043 casus
251 3002 408 3060 perpessus
432 2984 479 3062 sit,
503 2987 633 3059 exponat
655 2973 870 3064 (rso—586).

621 3188 676 3253 IX.

210 3300 361 3371 Quattuor
391 3301 459 3359 hinc
491 3301 575 3359 libris
607 3301 709 3360 Ulixes
746 3300 827 3375 apud
858 3300 1010 3358 Phaeacas
1046 3298 1152 3356 seriem

142 3389 318 3465 multiplicis
337 3390 444 3449 erroris
463 3390 510 3447 sui
529 3393 655 3449 enarrat.
689 3389 797 3465 Itaque
815 3389 914 3465 refert,
937 3388 1004 3463 quis
1024 3389 1055 3445 et
1073 3385 1152 3444 unde

144 3478 230 3537 domo
253 3479 293 3538 sit
316 3470 469 3559 (1-38);
495 3482 532 3536 ut
560 3478 597 3536 ab
620 3478 678 3537 llio
706 3477 858 3553 profectus
884 3476 1015 3552 primurn
1043 3474 1081 3532 ad
1105 3471 1152 3531 ci-

143 3585 232 3626 conas
266 3567 418 3643 appulerit
450 3568 541 3642 atque
575 3568 752 3644 expugnata
784 3584 887 3625 eorum
923 3564 996 3622 urbe
1029 3562 1152 3635 Ismaro,
