2642 3917
523 192 733 243 omnum:
751 194 787 245 11.
1111 194 1153 257 19

144 335 272 417 ικοῦροι
294 330 368 418 ἐμοὶ
390 342 588 421 μνηστῆρες,
613 332 684 401 ἐπεὶ
701 336 787 400 θάνε
812 337 883 413 δῖος
902 333 1093 420 Ὀδυσσεύς,

143 436 269 523 μίμνετ’
296 439 502 524 ἐπειγόμενοι
524 440 583 506 τὸν
606 439 687 524 ἐμὸν
709 440 832 525 γάμον,
855 443 903 518 είς
924 440 943 506 ὅ
965 465 1002 507 κε
1025 445 1141 529 φάροςΙ

144 543 314 627 ἐκτελέσω,
338 546 383 629 μή
406 568 462 629 μοι
485 548 673 630 μεταμώνια
694 544 812 631 νήματ’
838 548 968 630 ὄληται,

144 649 274 737 Λαέρτῃ
298 651 382 738 ήρωι
404 653 563 735 ταφήιον,
587 652 634 728 είς
657 651 711 717 ὅτε
734 650 792 716 κέν
814 675 872 736 μιν

143 754 232 842 μοῖρ’
259 757 340 841 ὀλοή
363 754 524 841 καθέλῃσι
547 755 743 840 τανηλεγέος
765 757 942 840 θανάτοιο,
1106 773 1156 824 100

144 867 189 947 μή
211 867 261 942 τίς
283 887 340 949 μοι
362 864 445 929 κατὰ
468 864 576 948 δῆμον
595 861 793 949 Ἀχαιιάδων
814 866 997 949 νεμεσήσῃ,

144 976 183 1035 αῖ
201 993 259 1036 κεν
282 971 359 1055 άτερ
384 972 523 1054 σπείρου
545 978 641 1053 κήται
664 971 771 1035 πολλὰ
793 970 1005 1047 κτεατίσσας(

144 1070 189 1153 ὧς
211 1074 332 1162 ἔφαθ’,
354 1074 435 1160 ἡμῖν
459 1072 489 1140 δ’
517 1070 590 1141 αὖτ’
619 1075 811 1142 ἐπεπείθετο
833 1077 943 1160 θυμὸς
966 1074 1108 1160 ἀγήνωρ.

143 1184 228 1247 ἔνθα
250 1181 306 1248 καὶ
328 1182 448 1265 ήματίη
472 1175 533 1265 μέν
555 1180 759 1267 ὑφαίνεσκεν
781 1181 886 1267 μέγαν
910 1182 1017 1262 ίστόν,

143 1290 265 1366 νύκτας
287 1286 317 1355 δ’
345 1288 540 1372 ἀλλύεσκεν,
564 1286 634 1354 ἐπεὶ
658 1289 776 1365 δαΐδας
797 1294 989 1369 παραθεῖτο.
1107 1302 1157 1352 105

144 1391 189 1473 ὥς
210 1398 332 1481 τρίετες
355 1391 416 1479 μέν
439 1396 539 1478 ἔληθε
562 1396 650 1483 δόλῳ
673 1393 728 1460 καὶ
751 1397 886 1459 ἔπειθεν
905 1391 1069 1478 Ἀχαιούς·

144 1499 216 1566 ἀλλ’
243 1501 296 1567 ὅτε
320 1499 477 1586 τέτρατον
499 1494 605 1583 ήλθεν
628 1502 701 1578 ἔτος
722 1499 778 1566 καί
802 1500 973 1584 ἐπήλυθον
996 1494 1094 1583 ὧραι,

143 1605 198 1673 καὶ
221 1610 293 1673 τότε
318 1608 359 1689 δή
381 1629 432 1683 τις
454 1608 539 1671 ἔειπε
564 1618 749 1689 γυναικῶν,
772 1606 793 1690 ἣ
817 1607 908 1691 σάφα
931 1603 1011 1691 ᾔδη,

144 1714 199 1779 καὶ
221 1717 282 1798 τήν
304 1711 337 1797 γ’
365 1712 555 1779 ἀλλύουσαν
578 1712 764 1797 ἐφεύρομεν
787 1712 912 1795 ἀγλαὸν
936 1714 1037 1778 ίστόν.

145 1816 189 1897 ὧς
211 1822 248 1887 τὸ
271 1816 332 1904 μέν
355 1817 536 1898 ἐξετέλεσσε
559 1818 614 1885 καὶ
638 1820 700 1885 οὐκ
723 1817 892 1901 ἐθέλουσ’,
914 1816 971 1883 ὑπ’
998 1817 1158 1901 ἀνάγκης

144 1925 199 1993 σοί
223 1923 253 1992 δ’
281 1920 345 1991 ὧδε
369 1932 553 2010 μνηστῆρες
576 1924 829 2010 ὑποκρίνονται,
853 1921 897 1989 ἵν’
924 1924 1016 2009 εἰδῇς
1108 1941 1154 1987 111

144 2032 243 2109 αὐτὸς
266 2039 313 2119 σςδ
335 2035 453 2118 θυμῷ,
477 2031 591 2096 εἰδῶσι
615 2027 651 2096 δέ
674 2031 794 2107 πάντες
813 2027 944 2114 Ἀχαιοί.

144 2136 267 2223 μητέρα
291 2136 354 2220 σήν
377 2135 588 2221 ἀπόπεμψον,
612 2138 742 2220 άνωχθι
765 2134 805 2200 δέ
825 2159 882 2218 μιν
904 2133 1086 2220 γαμέεσθαι

143 2253 206 2333 τῷ,
229 2240 309 2330 ὅτεῴ
333 2266 368 2307 τε
389 2242 496 2325 πατήρ
519 2240 645 2307 κέλεται
669 2239 724 2306 καί
747 2240 883 2306 ἀνδάνει
906 2241 997 2326 αύτή.

144 2351 177 2415 εί
197 2346 230 2414 δ’
257 2346 301 2413 ἐτ’
329 2347 457 2431 ἀνιήσει
479 2370 517 2431 γε
540 2350 648 2413 πολὺν
670 2348 793 2431 χρόνον
816 2338 891 2423 υἷας
910 2343 1063 2431 Ἀχαιῶν,
1107 2363 1156 2412 115

143 2456 184 2520 τά
208 2452 390 2540 φρονέουσ’
417 2453 481 2519 ἀνὰ
505 2456 633 2539 θυμόν,
656 2453 675 2519 ὅ
698 2454 734 2519 οί
752 2451 828 2538 πέρι
852 2454 958 2518 δῶκεν
978 2451 1102 2537 Ἀθήνη

145 2564 225 2645 ἔργα
248 2558 278 2625 τ’
306 2559 504 2625 ἐπίστασθαι
526 2557 725 2644 περικαλλέα
746 2556 802 2624 καὶ
826 2556 951 2644 φρένας
973 2558 1096 2637 ἐσθλάς

144 2666 262 2752 κέρδεά
285 2663 335 2748 θ’,
359 2657 403 2731 οἷ’
431 2666 472 2731 ού
494 2666 545 2730 πώ
568 2662 632 2730 τιν’
660 2663 825 2749 ἀκούομεν
847 2661 927 2730 οὐδέ
949 2671 1114 2747 παλαιῶν,

144 2774 249 2854 τάων,
273 2774 312 2837 αἳ
331 2772 435 2857 πάρος
458 2765 543 2854 ἦσαν
566 2770 805 2854 ἐυπλοκαμῖδες
824 2768 963 2854 Ἀχαιαί,

149 2878 245 2962 Τυρώ
268 2874 297 2941 τ’
320 2874 483 2960 Ἀλκμήνη
506 2900 541 2942 τε
564 2876 767 2961 ἐυστέφανός
788 2899 823 2941 τε
846 2879 1006 2961 Μυκήνη·
1105 2893 1157 2943 120

144 2984 233 3049 τάων
261 2983 302 3049 ού
324 3006 374 3059 τις
396 2982 493 3066 ὁμοῖα
515 2985 664 3067 νοήματα
688 2984 897 3066 Πηνελοπείῃ

145 3090 223 3176 ᾔδη·
246 3089 328 3173 ἀτάρ
351 3084 411 3173 μέν
434 3090 532 3153 τοῦτό
554 3086 588 3171 γ’
615 3087 787 3172 ἐναίσιμον
811 3086 872 3151 οὐκ
895 3085 1040 3171 ἐνόησεν.

82 3206 87 3227 ’
144 3198 253 3281 τόφρα
276 3196 338 3279 γὰρ
362 3189 424 3260 οὖν
447 3196 561 3277 βίοτόν
583 3218 617 3259 τε
640 3194 716 3258 τεὸν
739 3191 794 3258 καὶ
816 3190 951 3275 κτήματ’
978 3194 1124 3275 ἔδονται,

146 3304 235 3387 ὄφρα
256 3325 293 3367 κε
316 3303 408 3384 κείνη
432 3310 551 3366 τοῦτον
574 3303 631 3385 έχῃ
653 3301 752 3380 νόον,
776 3298 913 3363 ὅντινά
936 3299 971 3363 οί
990 3308 1055 3364 νύν

146 3407 183 3473 ἐν
205 3409 366 3491 στήθεσσι
387 3413 511 3471 τιθεῖσι
533 3408 624 3471 θεοί·
647 3403 730 3489 μέγα
752 3399 814 3487 μὲν
836 3402 930 3479 κλέος
953 3403 1037 3489 αὐτή
1106 3419 1156 3467 ινε

145 3510 275 3595 ποιεῖτ’,
299 3512 405 3599 αὐτὰρ
428 3514 487 3578 σοί
506 3533 543 3595 γε
565 3512 679 3594 ποθὴν
701 3508 821 3586 πολέος
843 3510 978 3591 βιότοιο.

299 3627 305 3643 ι
906 3617 922 3665 2
929 3610 944 3643 1
