2642 3917
442 177 648 229 οενεεειιε
667 179 742 231 vm
801 187 804 192 ·
1044 175 1107 239 113

100 316 138 394 ὃς
160 315 238 383 νέον
257 315 440 383 Ἀλκινόοιο
464 321 647 405 δαΐφρονος
669 321 758 386 ἵκετο
781 320 876 431 δώμα

101 424 226 488 πόντον
249 421 498 509 ἐπιπλαγχθείς,
523 424 623 510 δέμας
646 425 866 492 ἀθανάτοισιν
888 425 1035 510 όμοίος.“

146 522 191 605 ώς
212 527 340 595 είποῦσ’
367 531 493 617 ώτρυνε
516 530 614 616 μένος
636 529 692 597 καὶ
713 534 826 617 θυμὸν
849 530 997 598 ἑκάστου.
1080 545 1113 595 1ο

101 637 312 720 καρπαλίμως
339 633 370 702 δ’
401 639 565 721 ἔμπληντο
588 641 719 724 βροτῶν
741 637 864 724 ἀγοραί
882 660 917 703 τε
939 635 996 702 καὶ
1020 635 1115 723 ἕδραι

101 739 308 826 ἀγρομένων·
331 740 449 807 πολλοὶ
472 740 504 806 δ’
530 739 583 828 ἄρ’
610 741 797 825 ἐθηήσαντο
821 743 949 819 ἰδόντες

101 845 177 910 νίὸν
200 844 350 932 Λαέρταο
374 849 555 933 δαΐφρονα·
578 856 622 937 τῷ
647 845 679 912 δ’
705 845 758 933 ἀρ’
780 845 905 932 Ἀθήνη

101 954 284 1036 θεσπεσίην
306 951 458 1038 κατέχευε
480 953 578 1040 χάριν
599 957 727 1039 κεφαλή
749 976 784 1020 τε
806 952 863 1020 καὶ
886 955 988 1038 ώμοις

102 1059 162 1121 καί
181 1081 239 1141 μιν
261 1061 465 1146 μακρότερον
487 1057 542 1125 καὶ
564 1060 716 1126 πάσσονα
738 1065 844 1144 θῆκεν
868 1057 1016 1141 ἰδέσθαι,
1080 1073 1115 1122 20

102 1163 147 1240 ὥς
169 1186 227 1229 κεν
253 1165 434 1246 Φαιήκεσσι
456 1167 554 1248 φίλος
576 1164 736 1229 πάντεσσι
757 1163 887 1247 γένοιτο

102 1269 213 1345 δεινός
235 1265 264 1333 τ’
291 1268 417 1345 αίδοίός
439 1291 474 1334 τε
496 1267 551 1333 καὶ
575 1266 772 1334 ἐκτελέσειεν
795 1268 939 1346 ἀέθλους

101 1373 262 1456 πολλούς,
283 1376 362 1450 τοὺς
388 1376 530 1458 Φαίηκες
552 1373 759 1460 ἐπειρήσαντ’
782 1371 949 1468 Ὀδυσῆος.

102 1479 206 1565 αὐτὰρ
230 1477 303 1544 ἐπεί
323 1476 354 1563 ῤ’
380 1479 524 1566 ήγερθεν
548 1477 723 1565 ὁμηγερέες
744 1503 778 1545 τε
801 1477 955 1564 γένοντο,

102 1596 211 1650 τοῖσιν
234 1583 264 1650 δ’
288 1583 455 1664 Ἀλκίνοος
478 1584 665 1671 ἀγορήσατο
688 1584 743 1651 καὶ
765 1585 946 1671 μετέειπεν·
1080 1600 1114 1650 25

102 1689 273 1774 ,,κέκλντε,
299 1694 456 1775 Φαιήκων
476 1690 636 1778 ἡγήτορες
658 1689 719 1776 ήδέ
740 1690 911 1776 μέδοντες,

103 1794 181 1884 ὄφρ’
207 1803 304 1880 εἴπω,
327 1798 429 1881 τάμε
451 1799 561 1882 θυμὸς
584 1796 634 1864 ἐνὶ
656 1801 818 1882 στήθεσσι
839 1797 974 1863 κελεύει.

103 1901 209 1982 ξεῖνος
231 1900 301 1986 ὅδ’,
325 1897 473 1968 οὐκοῖδ’
500 1902 537 1980 ὃς
558 1926 623 1986 τις,
651 1903 819 1988 ἀλώμενος
841 1899 920 1969 ἵκετ’
946 1901 1026 1986 ἐμὸν
1050 1901 1113 1984 δώ,

103 2003 141 2091 ήέ
164 2008 246 2093 πρὸς
267 2008 371 2091 ήοίων
393 2004 414 2093 ή
437 2007 599 2096 ἐσπερίων
622 2010 825 2096 ἀνθρώπων·

103 2114 238 2198 πομπήν
261 2111 291 2178 δ’
319 2114 461 2200 ὀτρύνει,
484 2112 540 2179 καὶ
563 2116 710 2180 λίσσεται
732 2115 876 2197 ἔμπεδον
898 2109 992 2178 εἶναι.
1078 2130 1113 2179 ³0

102 2219 196 2304 ἡμείς
219 2217 263 2304 δ’,
287 2219 332 2296 ώς
352 2219 390 2283 τὸ
413 2220 518 2305 πάρος
539 2242 616 2305 περ,
640 2219 899 2304 ἐποτρυνώμεθα
921 2220 1064 2302 πομπήν.

104 2321 183 2391 οὐδὲ
204 2325 268 2411 γὰρ
292 2322 374 2389 ούδέ
393 2345 443 2401 τις
465 2325 578 2408 ἄλλος,
602 2323 670 2400 δτις
691 2322 722 2389 κ’
749 2322 809 2408 ἐμὰ
832 2322 962 2408 δώμαθ’
988 2325 1112 2408 ἵκηται,

103 2428 219 2496 ἐνθάδ’
246 2429 448 2516 ὀδυρόμενος
470 2430 575 2513 δηρὸν
596 2426 688 2514 μένει
710 2428 819 2495 εἵνεκα
841 2437 979 2514 πομπῆς.

104 2533 175 2601 ἀλλ’
202 2536 260 2619 ἀγε
282 2543 347 2619 νήα
369 2534 527 2620 μέλαιναν
551 2534 735 2620 ἐρύσσομεν
757 2535 804 2610 είς
826 2533 889 2598 ἅλα
912 2535 990 2601 δῖαν

103 2645 333 2728 πρωτόπλοον,
357 2641 466 2727 κούρω
490 2637 527 2706 δέ
550 2641 619 2706 δύω
642 2637 698 2705 καὶ
720 2642 923 2724 πεντήκοντα
1078 2657 1112 2707 3ο

102 2747 296 2834 κρινάσθων
317 2747 400 2811 κατὰ
423 2747 545 2830 δήμου,
569 2745 642 2811 ὅσοι
664 2744 769 2831 πάρος
791 2743 877 2810 είσὶν
899 2746 1037 2832 ἀριστοι.

104 2853 284 2937 δησάμενοι
307 2849 337 2917 δ’
364 2851 402 2918 ἐὺ
424 2852 543 2928 πάντες
566 2848 619 2916 ἐπὶ
641 2856 773 2935 κληῖσιν
796 2850 914 2937 ἐρετμὰ

103 2955 229 3042 ἔκβητ’·
252 2958 357 3044 αὐτὰρ
380 2959 490 3022 ἔπειτα
511 2957 600 3040 θοήν
623 2956 797 3038 ἀλεγύνετε
820 2957 916 3022 δαῖτα

102 3062 294 3150 ἡμετερόνδ
321 3064 490 3140 ἐλθόντες·
513 3062 576 3146 ἐγὼ
601 3060 631 3127 δ’
659 3062 696 3129 ἐι)
719 3073 800 3129 πᾶσι
822 3061 960 3149 παρέξω.

102 3172 276 3257 κούροισιν
297 3167 359 3254 μέν
380 3167 471 3234 ταῦτ’
497 3167 722 3253 ἐπιτέλλομαι·
745 3168 849 3254 αὐτὰρ
873 3169 908 3234 οἵ
928 3170 1023 3233 ἄλλοι
1077 3185 1112 3236 40

102 3287 302 3362 σκηπτοῦχοι
324 3279 479 3360 βασιλήες
502 3273 563 3358 ἐμὰ
583 3277 667 3360 πρὸς
689 3274 823 3359 δώματα
845 3276 928 3340 καλὰ

101 3379 248 3467 ἔρχεσθ’,
271 3383 360 3467 όφρα
383 3380 492 3461 ξείνου
515 3378 566 3445 ἐνὶ
587 3381 761 3465 μεγάροισι
784 3377 964 3463 φιλέωμεν,

100 3485 188 3572 μηδέ
208 3511 257 3564 τις
279 3487 456 3574 ἀρνείσθω.
500 3483 685 3552 καλέσασθε
709 3481 746 3551 δὲ
768 3491 866 3550 θείον
888 3484 1005 3550 ἀοιδὸν

155 3603 254 3641 Ηοιιεει
269 3601 385 3642 Onnsu.
399 3599 419 3642 Ι.
880 3593 896 3642 8
