<?xml version="1.0" encoding="UTF-8"?>
<!DOCTYPE html PUBLIC "-//W3C//DTD XHTML 1.0 Transitional//EN"
    "http://www.w3.org/TR/xhtml1/DTD/xhtml1-transitional.dtd">
<html xmlns="http://www.w3.org/1999/xhtml" xml:lang="en" lang="en">
 <head>
  <title>
</title>
<meta http-equiv="Content-Type" content="text/html;charset=utf-8" />
  <meta name='ocr-system' content='tesseract 3.04.00' />
  <meta name='ocr-capabilities' content='ocr_page ocr_carea ocr_par ocr_line ocrx_word'/>
</head>
<body>
  <div class='ocr_page' id='page_1' title='image "./homeriodyssea00dindgoog_0199.png"; bbox 0 0 2642 3917; ppageno 0'>
   <div class='ocr_carea' id='block_1_1' title="bbox 498 186 1133 250">
    <p class='ocr_par' dir='ltr' id='par_1_1' title="bbox 498 186 1133 250">
     <span class='ocr_line' id='line_1_1' title="bbox 498 186 1133 250; baseline 0 -11"><span class='ocrx_word' id='word_1_1' title='bbox 498 188 707 239; x_wconf 79' lang='grc' dir='ltr'><strong>ΟΔΤΣΣΕΙΑΣ</strong></span> <span class='ocrx_word' id='word_1_2' title='bbox 724 190 772 240; x_wconf 85' lang='lat' dir='ltr'><strong><em>XL</em></strong></span> <span class='ocrx_word' id='word_1_3' title='bbox 1072 186 1133 250; x_wconf 75' lang='grc'><strong><em>171</em></strong></span> 
     </span>
    </p>
   </div>
   <div class='ocr_carea' id='block_1_2' title="bbox 125 327 1026 524">
    <p class='ocr_par' dir='ltr' id='par_1_2' title="bbox 125 327 1026 524">
     <span class='ocr_line' id='line_1_2' title="bbox 125 327 922 416; baseline 0.001 -22"><span class='ocrx_word' id='word_1_4' title='bbox 125 331 237 414; x_wconf 74' lang='grc' dir='ltr'><strong><em>ἔφθης</em></strong></span> <span class='ocrx_word' id='word_1_5' title='bbox 260 330 355 408; x_wconf 79' lang='grc' dir='ltr'><strong><em>πεζός</em></strong></span> <span class='ocrx_word' id='word_1_6' title='bbox 378 331 439 394; x_wconf 84' lang='grc' dir='ltr'><strong><em>ίὼν</em></strong></span> <span class='ocrx_word' id='word_1_7' title='bbox 465 329 486 413; x_wconf 83' lang='grc' dir='ltr'><strong><em>ή</em></strong></span> <span class='ocrx_word' id='word_1_8' title='bbox 510 329 574 412; x_wconf 83' lang='grc' dir='ltr'><strong><em>έγδν</em></strong></span> <span class='ocrx_word' id='word_1_9' title='bbox 597 333 662 395; x_wconf 85' lang='grc' dir='ltr'><strong><em>σὺν</em></strong></span> <span class='ocrx_word' id='word_1_10' title='bbox 683 327 740 414; x_wconf 77' lang='grc' dir='ltr'><strong><em>νηὶ</em></strong></span> <span class='ocrx_word' id='word_1_11' title='bbox 762 331 922 416; x_wconf 57' lang='grc' dir='ltr'><strong><em>μελαίνηὲ</em></strong></span> 
     </span>
     <span class='ocr_line' id='line_1_3' title="bbox 163 429 1026 524; baseline 0.01 -10"><span class='ocrx_word' id='word_1_12' title='bbox 163 429 217 513; x_wconf 70' lang='grc' dir='ltr'><strong><em>θα</em></strong></span> <span class='ocrx_word' id='word_1_13' title='bbox 239 432 388 520; x_wconf 65' lang='grc' dir='ltr'><strong><em>ἐφάνην,</em></strong></span> <span class='ocrx_word' id='word_1_14' title='bbox 411 435 430 501; x_wconf 76' lang='grc' dir='ltr'><strong>ὁ</strong></span> <span class='ocrx_word' id='word_1_15' title='bbox 454 433 495 500; x_wconf 69' lang='grc' dir='ltr'><strong><em>δέ</em></strong></span> <span class='ocrx_word' id='word_1_16' title='bbox 514 433 548 520; x_wconf 82' lang='grc' dir='ltr'><strong><em>ν’</em></strong></span> <span class='ocrx_word' id='word_1_17' title='bbox 574 436 717 520; x_wconf 67' lang='grc' dir='ltr'><strong><em>οἰμώξει</em></strong></span> <span class='ocrx_word' id='word_1_18' title='bbox 738 435 890 520; x_wconf 73' lang='grc' dir='ltr'><strong><em>ἠμείβετο</em></strong></span> <span class='ocrx_word' id='word_1_19' title='bbox 913 436 1026 524; x_wconf 71' lang='grc' dir='ltr'><strong><em>νόθα·</em></strong></span> 
     </span>
    </p>
   </div>
   <div class='ocr_carea' id='block_1_3' title="bbox 17 536 1138 626">
    <p class='ocr_par' dir='ltr' id='par_1_3' title="bbox 17 536 1138 626">
     <span class='ocr_line' id='line_1_4' title="bbox 17 536 1138 626; baseline 0.001 -22"><span class='ocrx_word' id='word_1_20' title='bbox 17 617 21 624; x_wconf 89' lang='lat'><strong>.</strong></span> <span class='ocrx_word' id='word_1_21' title='bbox 127 536 301 623; x_wconf 74' lang='grc' dir='ltr'><strong><em>,[διογενές</em></strong></span> <span class='ocrx_word' id='word_1_22' title='bbox 322 541 526 626; x_wconf 75' lang='grc' dir='ltr'><em>Λαερτιάδη,</em></span> <span class='ocrx_word' id='word_1_23' title='bbox 549 539 756 626; x_wconf 77' lang='grc' dir='ltr'><strong><em>πολυμήχαν’</em></strong></span> <span class='ocrx_word' id='word_1_24' title='bbox 780 538 968 625; x_wconf 87' lang='grc' dir='ltr'><strong><em>Ὀδυσσεῦ,]</em></strong></span> <span class='ocrx_word' id='word_1_25' title='bbox 1104 558 1138 606; x_wconf 89' lang='grc' dir='ltr'><strong><em>εο</em></strong></span> 
     </span>
    </p>
   </div>
   <div class='ocr_carea' id='block_1_4' title="bbox 127 639 1048 842">
    <p class='ocr_par' dir='ltr' id='par_1_4' title="bbox 127 639 1048 842">
     <span class='ocr_line' id='line_1_5' title="bbox 127 639 1048 733; baseline 0 -23"><span class='ocrx_word' id='word_1_26' title='bbox 127 639 190 711; x_wconf 85' lang='grc' dir='ltr'><strong><em>ἀσέ</em></strong></span> <span class='ocrx_word' id='word_1_27' title='bbox 209 669 248 730; x_wconf 86' lang='grc' dir='ltr'><strong><em>με</em></strong></span> <span class='ocrx_word' id='word_1_28' title='bbox 272 647 430 730; x_wconf 89' lang='grc' dir='ltr'><strong><em>δαίμονος</em></strong></span> <span class='ocrx_word' id='word_1_29' title='bbox 453 642 531 712; x_wconf 81' lang='grc' dir='ltr'><strong><em>αἶσα</em></strong></span> <span class='ocrx_word' id='word_1_30' title='bbox 552 649 635 730; x_wconf 86' lang='grc' dir='ltr'><strong><em>κακή</em></strong></span> <span class='ocrx_word' id='word_1_31' title='bbox 658 645 714 712; x_wconf 81' lang='grc' dir='ltr'><strong><em>καὶ</em></strong></span> <span class='ocrx_word' id='word_1_32' title='bbox 736 646 927 733; x_wconf 77' lang='grc' dir='ltr'><em>ἀθέσφατος</em></span> <span class='ocrx_word' id='word_1_33' title='bbox 949 641 1048 723; x_wconf 77' lang='grc' dir='ltr'><strong><em>οἶνος.</em></strong></span> 
     </span>
     <span class='ocr_line' id='line_1_6' title="bbox 128 750 1020 842; baseline 0.002 -28"><span class='ocrx_word' id='word_1_34' title='bbox 128 752 254 836; x_wconf 78' lang='grc' dir='ltr'><strong><em>Κίρκης</em></strong></span> <span class='ocrx_word' id='word_1_35' title='bbox 278 750 310 817; x_wconf 91' lang='grc' dir='ltr'><strong><em>δ’</em></strong></span> <span class='ocrx_word' id='word_1_36' title='bbox 337 751 374 818; x_wconf 88' lang='grc' dir='ltr'><strong><em>ἐν</em></strong></span> <span class='ocrx_word' id='word_1_37' title='bbox 396 754 527 842; x_wconf 77' lang='grc' dir='ltr'><strong><em>μεγάρῳ</em></strong></span> <span class='ocrx_word' id='word_1_38' title='bbox 550 752 791 838; x_wconf 79' lang='grc' dir='ltr'><strong><em>καταλέγμενος</em></strong></span> <span class='ocrx_word' id='word_1_39' title='bbox 813 752 875 819; x_wconf 90' lang='grc' dir='ltr'><strong><em>ούκ</em></strong></span> <span class='ocrx_word' id='word_1_40' title='bbox 898 751 1020 836; x_wconf 79' lang='grc' dir='ltr'><strong><em>ἐνόησα</em></strong></span> 
     </span>
    </p>
   </div>
   <div class='ocr_carea' id='block_1_5' title="bbox 7 857 957 945">
    <p class='ocr_par' dir='ltr' id='par_1_5' title="bbox 7 857 957 945">
     <span class='ocr_line' id='line_1_7' title="bbox 7 857 957 945; baseline -0.003 -20"><span class='ocrx_word' id='word_1_41' title='bbox 7 879 8 882; x_wconf 74' lang='grc'>’</span> <span class='ocrx_word' id='word_1_42' title='bbox 128 857 279 942; x_wconf 83' lang='grc' dir='ltr'><strong><em>ἀψορρον</em></strong></span> <span class='ocrx_word' id='word_1_43' title='bbox 300 861 484 942; x_wconf 79' lang='grc' dir='ltr'><strong><em>καταβῆναι</em></strong></span> <span class='ocrx_word' id='word_1_44' title='bbox 506 861 568 924; x_wconf 84' lang='grc' dir='ltr'><strong><em>ίὼν</em></strong></span> <span class='ocrx_word' id='word_1_45' title='bbox 591 858 624 936; x_wconf 87' lang='grc' dir='ltr'><strong><em>ἐς</em></strong></span> <span class='ocrx_word' id='word_1_46' title='bbox 645 862 787 944; x_wconf 80' lang='grc' dir='ltr'><strong><em>κλίμακα</em></strong></span> <span class='ocrx_word' id='word_1_47' title='bbox 810 861 957 945; x_wconf 89' lang='grc' dir='ltr'><strong><em>μακρήν,</em></strong></span> 
     </span>
    </p>
   </div>
   <div class='ocr_carea' id='block_1_6' title="bbox 128 961 1219 3586">
    <p class='ocr_par' dir='ltr' id='par_1_6' title="bbox 128 961 1219 3586">
     <span class='ocr_line' id='line_1_8' title="bbox 128 961 1033 1051; baseline 0.002 -24"><span class='ocrx_word' id='word_1_48' title='bbox 128 961 212 1028; x_wconf 82' lang='grc' dir='ltr'><strong><em>ἀλλὰ</em></strong></span> <span class='ocrx_word' id='word_1_49' title='bbox 234 968 433 1051; x_wconf 79' lang='grc' dir='ltr'><strong><em>καταντικρὺ</em></strong></span> <span class='ocrx_word' id='word_1_50' title='bbox 454 963 565 1048; x_wconf 89' lang='grc' dir='ltr'><strong><em>τέγεος</em></strong></span> <span class='ocrx_word' id='word_1_51' title='bbox 587 964 705 1031; x_wconf 86' lang='grc' dir='ltr'><strong><em>πέσον·</em></strong></span> <span class='ocrx_word' id='word_1_52' title='bbox 728 965 764 1031; x_wconf 89' lang='grc' dir='ltr'><strong><em>ἐκ</em></strong></span> <span class='ocrx_word' id='word_1_53' title='bbox 787 963 827 1032; x_wconf 87' lang='grc' dir='ltr'><strong><em>δέ</em></strong></span> <span class='ocrx_word' id='word_1_54' title='bbox 847 990 904 1050; x_wconf 92' lang='grc' dir='ltr'><strong><em>μοι</em></strong></span> <span class='ocrx_word' id='word_1_55' title='bbox 926 963 1033 1048; x_wconf 87' lang='grc' dir='ltr'><strong><em>αύχήν</em></strong></span> 
     </span>
     <span class='ocr_line' id='line_1_9' title="bbox 129 1065 1139 1155; baseline 0.001 -22"><span class='ocrx_word' id='word_1_56' title='bbox 129 1068 345 1154; x_wconf 76' lang='grc' dir='ltr'><strong><em>ἀστραγάλων</em></strong></span> <span class='ocrx_word' id='word_1_57' title='bbox 368 1070 463 1154; x_wconf 87' lang='grc' dir='ltr'><strong><em>έάγη,</em></strong></span> <span class='ocrx_word' id='word_1_58' title='bbox 485 1071 574 1155; x_wconf 81' lang='grc' dir='ltr'><strong><em>ψυχή</em></strong></span> <span class='ocrx_word' id='word_1_59' title='bbox 599 1065 630 1136; x_wconf 91' lang='grc' dir='ltr'><strong><em>δ’</em></strong></span> <span class='ocrx_word' id='word_1_60' title='bbox 651 1066 801 1136; x_wconf 88' lang='grc' dir='ltr'><strong><em>Ἀιδόσδε</em></strong></span> <span class='ocrx_word' id='word_1_61' title='bbox 823 1075 999 1154; x_wconf 88' lang='grc' dir='ltr'><strong><em>κατῆλθεν.</em></strong></span> <span class='ocrx_word' id='word_1_62' title='bbox 1105 1085 1139 1135; x_wconf 74' lang='grc' dir='ltr'><strong><em>ετ</em></strong></span> 
     </span>
     <span class='ocr_line' id='line_1_10' title="bbox 128 1173 1082 1262; baseline 0.002 -24"><span class='ocrx_word' id='word_1_63' title='bbox 128 1183 193 1238; x_wconf 87' lang='grc' dir='ltr'><strong><em>νῦν</em></strong></span> <span class='ocrx_word' id='word_1_64' title='bbox 216 1173 256 1240; x_wconf 92' lang='grc' dir='ltr'><strong><em>δέ</em></strong></span> <span class='ocrx_word' id='word_1_65' title='bbox 277 1190 313 1241; x_wconf 90' lang='grc' dir='ltr'><strong><em>σε</em></strong></span> <span class='ocrx_word' id='word_1_66' title='bbox 335 1187 403 1241; x_wconf 81' lang='grc' dir='ltr'><strong><em>τῶν</em></strong></span> <span class='ocrx_word' id='word_1_67' title='bbox 426 1177 546 1241; x_wconf 87' lang='grc' dir='ltr'><strong><em>όπιθεν</em></strong></span> <span class='ocrx_word' id='word_1_68' title='bbox 568 1177 786 1261; x_wconf 77' lang='grc' dir='ltr'><strong><em>γουνάζομαι,</em></strong></span> <span class='ocrx_word' id='word_1_69' title='bbox 810 1177 851 1242; x_wconf 86' lang='grc' dir='ltr'><strong><em>οὐ</em></strong></span> <span class='ocrx_word' id='word_1_70' title='bbox 873 1178 1082 1262; x_wconf 81' lang='grc' dir='ltr'><strong><em>παρεόντων,</em></strong></span> 
     </span>
     <span class='ocr_line' id='line_1_11' title="bbox 129 1275 1139 1369; baseline 0 -24"><span class='ocrx_word' id='word_1_71' title='bbox 129 1283 211 1364; x_wconf 84' lang='grc' dir='ltr'><strong><em>πρός</em></strong></span> <span class='ocrx_word' id='word_1_72' title='bbox 232 1275 262 1345; x_wconf 85' lang='grc' dir='ltr'><strong><em>τ’</em></strong></span> <span class='ocrx_word' id='word_1_73' title='bbox 289 1281 412 1366; x_wconf 91' lang='grc' dir='ltr'><strong><em>ἀλόχου</em></strong></span> <span class='ocrx_word' id='word_1_74' title='bbox 434 1281 489 1348; x_wconf 80' lang='grc' dir='ltr'><strong><em>καὶ</em></strong></span> <span class='ocrx_word' id='word_1_75' title='bbox 511 1285 648 1368; x_wconf 89' lang='grc' dir='ltr'><strong><em>πατρός,</em></strong></span> <span class='ocrx_word' id='word_1_76' title='bbox 672 1282 692 1348; x_wconf 84' lang='grc' dir='ltr'><strong><em>ό</em></strong></span> <span class='ocrx_word' id='word_1_77' title='bbox 710 1300 747 1348; x_wconf 88' lang='grc' dir='ltr'><strong><em>σε</em></strong></span> <span class='ocrx_word' id='word_1_78' title='bbox 765 1280 864 1369; x_wconf 82' lang='grc' dir='ltr'><strong><em>τρέφε</em></strong></span> <span class='ocrx_word' id='word_1_79' title='bbox 883 1283 1008 1348; x_wconf 86' lang='grc' dir='ltr'><strong><em>τυτθὸν</em></strong></span> <span class='ocrx_word' id='word_1_80' title='bbox 1027 1280 1139 1363; x_wconf 89' lang='grc' dir='ltr'><strong><em>ἐόντα,</em></strong></span> 
     </span>
     <span class='ocr_line' id='line_1_12' title="bbox 134 1381 1064 1473; baseline 0 -22"><span class='ocrx_word' id='word_1_81' title='bbox 134 1387 326 1470; x_wconf 77' lang='grc' dir='ltr'><strong><em>Τηλεμάχου</em></strong></span> <span class='ocrx_word' id='word_1_82' title='bbox 348 1381 399 1470; x_wconf 83' lang='grc' dir='ltr'><strong><em>θ’,</em></strong></span> <span class='ocrx_word' id='word_1_83' title='bbox 422 1385 463 1452; x_wconf 84' lang='grc' dir='ltr'><strong><em>δν</em></strong></span> <span class='ocrx_word' id='word_1_84' title='bbox 485 1396 613 1471; x_wconf 85' lang='grc' dir='ltr'><strong><em>μοῦνον</em></strong></span> <span class='ocrx_word' id='word_1_85' title='bbox 636 1386 687 1453; x_wconf 81' lang='grc' dir='ltr'><strong><em>ἐνὶ</em></strong></span> <span class='ocrx_word' id='word_1_86' title='bbox 709 1389 904 1473; x_wconf 82' lang='grc' dir='ltr'><strong><em>μεγάροισιν</em></strong></span> <span class='ocrx_word' id='word_1_87' title='bbox 926 1389 1064 1462; x_wconf 77' lang='grc' dir='ltr'><strong><em>ἔλειπες·</em></strong></span> 
     </span>
     <span class='ocr_line' id='line_1_13' title="bbox 130 1487 954 1578; baseline 0.002 -20"><span class='ocrx_word' id='word_1_88' title='bbox 130 1487 207 1558; x_wconf 80' lang='grc' dir='ltr'><strong><em>οἶδα</em></strong></span> <span class='ocrx_word' id='word_1_89' title='bbox 228 1493 304 1578; x_wconf 92' lang='grc' dir='ltr'><strong><em>γάρ,</em></strong></span> <span class='ocrx_word' id='word_1_90' title='bbox 328 1492 373 1569; x_wconf 79' lang='grc' dir='ltr'><strong><em>ὡς</em></strong></span> <span class='ocrx_word' id='word_1_91' title='bbox 395 1491 533 1559; x_wconf 87' lang='grc' dir='ltr'><strong><em>ἐνθένδε</em></strong></span> <span class='ocrx_word' id='word_1_92' title='bbox 556 1494 638 1558; x_wconf 85' lang='grc' dir='ltr'><strong><em>κιὼν</em></strong></span> <span class='ocrx_word' id='word_1_93' title='bbox 661 1494 768 1578; x_wconf 87' lang='grc' dir='ltr'><strong><em>δόμου</em></strong></span> <span class='ocrx_word' id='word_1_94' title='bbox 791 1494 824 1574; x_wconf 85' lang='grc' dir='ltr'><strong><em>έξ</em></strong></span> <span class='ocrx_word' id='word_1_95' title='bbox 844 1489 954 1560; x_wconf 88' lang='grc' dir='ltr'><strong><em>Ἀίδαο</em></strong></span> 
     </span>
     <span class='ocr_line' id='line_1_14' title="bbox 130 1597 1140 1684; baseline 0.002 -22"><span class='ocrx_word' id='word_1_96' title='bbox 130 1607 236 1682; x_wconf 86' lang='grc' dir='ltr'><strong><em>νῆσον</em></strong></span> <span class='ocrx_word' id='word_1_97' title='bbox 259 1597 292 1674; x_wconf 88' lang='grc' dir='ltr'><strong><em>ές</em></strong></span> <span class='ocrx_word' id='word_1_98' title='bbox 315 1600 439 1682; x_wconf 84' lang='grc' dir='ltr'><strong><em>Αίαίην</em></strong></span> <span class='ocrx_word' id='word_1_99' title='bbox 462 1602 595 1682; x_wconf 78' lang='grc' dir='ltr'><strong><em>σχήσεις</em></strong></span> <span class='ocrx_word' id='word_1_100' title='bbox 617 1597 753 1684; x_wconf 77' lang='grc' dir='ltr'><strong><em>ἐυεργέα</em></strong></span> <span class='ocrx_word' id='word_1_101' title='bbox 774 1607 853 1682; x_wconf 90' lang='grc' dir='ltr'><strong><em>νῆα·</em></strong></span> <span class='ocrx_word' id='word_1_102' title='bbox 1107 1614 1140 1663; x_wconf 76' lang='grc'><strong><em>70</em></strong></span> 
     </span>
     <span class='ocr_line' id='line_1_15' title="bbox 130 1699 1033 1789; baseline -0.001 -20"><span class='ocrx_word' id='word_1_103' title='bbox 130 1706 216 1769; x_wconf 73' lang='grc' dir='ltr'><strong><em>ἔνθα</em></strong></span> <span class='ocrx_word' id='word_1_104' title='bbox 239 1699 270 1769; x_wconf 89' lang='grc' dir='ltr'><strong><em>σ’</em></strong></span> <span class='ocrx_word' id='word_1_105' title='bbox 295 1705 421 1787; x_wconf 78' lang='grc' dir='ltr'><strong><em>ἔπειτα,</em></strong></span> <span class='ocrx_word' id='word_1_106' title='bbox 444 1705 540 1788; x_wconf 83' lang='grc' dir='ltr'><strong><em>ἀναξ,</em></strong></span> <span class='ocrx_word' id='word_1_107' title='bbox 563 1702 700 1789; x_wconf 77' lang='grc' dir='ltr'><strong><em>κέλομαι</em></strong></span> <span class='ocrx_word' id='word_1_108' title='bbox 722 1707 914 1788; x_wconf 81' lang='grc' dir='ltr'><strong><em>μνήσασθαι</em></strong></span> <span class='ocrx_word' id='word_1_109' title='bbox 936 1703 1033 1788; x_wconf 79' lang='grc' dir='ltr'><strong><em>ἐμεῖο.</em></strong></span> 
     </span>
     <span class='ocr_line' id='line_1_16' title="bbox 131 1805 1052 1895; baseline -0.001 -20"><span class='ocrx_word' id='word_1_110' title='bbox 131 1814 176 1895; x_wconf 90' lang='grc' dir='ltr'><strong><em>μή</em></strong></span> <span class='ocrx_word' id='word_1_111' title='bbox 198 1805 232 1895; x_wconf 91' lang='grc' dir='ltr'><strong><em>μ’</em></strong></span> <span class='ocrx_word' id='word_1_112' title='bbox 258 1810 422 1875; x_wconf 87' lang='grc' dir='ltr'><strong><em>άκλαυτον</em></strong></span> <span class='ocrx_word' id='word_1_113' title='bbox 445 1811 597 1876; x_wconf 86' lang='grc' dir='ltr'><strong><em>ἀθαπτον</em></strong></span> <span class='ocrx_word' id='word_1_114' title='bbox 621 1811 682 1876; x_wconf 83' lang='grc' dir='ltr'><strong><em>ίὼν</em></strong></span> <span class='ocrx_word' id='word_1_115' title='bbox 703 1812 824 1876; x_wconf 87' lang='grc' dir='ltr'><strong><em>όπιθεν</em></strong></span> <span class='ocrx_word' id='word_1_116' title='bbox 844 1813 1052 1877; x_wconf 87' lang='grc' dir='ltr'><strong><em>καταλείπειν</em></strong></span> 
     </span>
     <span class='ocr_line' id='line_1_17' title="bbox 131 1914 982 2002; baseline 0.001 -21"><span class='ocrx_word' id='word_1_117' title='bbox 131 1919 344 2001; x_wconf 86' lang='grc' dir='ltr'><strong><em>νοσφισθείς,</em></strong></span> <span class='ocrx_word' id='word_1_118' title='bbox 367 1919 412 2000; x_wconf 89' lang='grc' dir='ltr'><strong><em>μή</em></strong></span> <span class='ocrx_word' id='word_1_119' title='bbox 434 1918 490 1983; x_wconf 92' lang='grc' dir='ltr'><strong><em>τοί</em></strong></span> <span class='ocrx_word' id='word_1_120' title='bbox 508 1940 540 1981; x_wconf 94' lang='grc' dir='ltr'><strong><em>τι</em></strong></span> <span class='ocrx_word' id='word_1_121' title='bbox 561 1922 653 1982; x_wconf 84' lang='grc' dir='ltr'><strong><em>θεῶν</em></strong></span> <span class='ocrx_word' id='word_1_122' title='bbox 675 1919 800 2001; x_wconf 90' lang='grc' dir='ltr'><strong><em>μήνιμα</em></strong></span> <span class='ocrx_word' id='word_1_123' title='bbox 821 1914 982 2002; x_wconf 89' lang='grc' dir='ltr'><strong><em>γένωμαι,</em></strong></span> 
     </span>
     <span class='ocr_line' id='line_1_18' title="bbox 132 2021 1029 2106; baseline -0.001 -19"><span class='ocrx_word' id='word_1_124' title='bbox 132 2022 215 2088; x_wconf 90' lang='grc' dir='ltr'><strong><em>ἀλλά</em></strong></span> <span class='ocrx_word' id='word_1_125' title='bbox 238 2045 277 2105; x_wconf 90' lang='grc' dir='ltr'><strong><em>με</em></strong></span> <span class='ocrx_word' id='word_1_126' title='bbox 300 2030 439 2105; x_wconf 77' lang='grc' dir='ltr'><strong><em>κακκῆαι</em></strong></span> <span class='ocrx_word' id='word_1_127' title='bbox 461 2025 525 2087; x_wconf 82' lang='grc' dir='ltr'><strong><em>σὺν</em></strong></span> <span class='ocrx_word' id='word_1_128' title='bbox 547 2022 712 2106; x_wconf 86' lang='grc' dir='ltr'><strong><em>τεύχεσιν,</em></strong></span> <span class='ocrx_word' id='word_1_129' title='bbox 736 2021 822 2086; x_wconf 85' lang='grc' dir='ltr'><strong><em>ἀσσα</em></strong></span> <span class='ocrx_word' id='word_1_130' title='bbox 844 2045 901 2106; x_wconf 90' lang='grc' dir='ltr'><strong><em>μοι</em></strong></span> <span class='ocrx_word' id='word_1_131' title='bbox 923 2024 1029 2105; x_wconf 84' lang='grc' dir='ltr'><strong><em>ἐστιν,</em></strong></span> 
     </span>
     <span class='ocr_line' id='line_1_19' title="bbox 133 2124 1142 2212; baseline -0.002 -19"><span class='ocrx_word' id='word_1_132' title='bbox 133 2127 221 2211; x_wconf 87' lang='grc' dir='ltr'><strong><em>σῆμά</em></strong></span> <span class='ocrx_word' id='word_1_133' title='bbox 243 2124 280 2192; x_wconf 90' lang='grc' dir='ltr'><strong><em>τέ</em></strong></span> <span class='ocrx_word' id='word_1_134' title='bbox 300 2150 357 2211; x_wconf 88' lang='grc' dir='ltr'><strong><em>μοι</em></strong></span> <span class='ocrx_word' id='word_1_135' title='bbox 379 2136 473 2210; x_wconf 85' lang='grc' dir='ltr'><strong><em>χεῦαι</em></strong></span> <span class='ocrx_word' id='word_1_136' title='bbox 495 2132 612 2211; x_wconf 78' lang='grc' dir='ltr'><strong><em>πολιῆς</em></strong></span> <span class='ocrx_word' id='word_1_137' title='bbox 635 2125 688 2192; x_wconf 82' lang='grc' dir='ltr'><strong><em>ἐπὶ</em></strong></span> <span class='ocrx_word' id='word_1_138' title='bbox 710 2124 785 2191; x_wconf 83' lang='grc' dir='ltr'><strong><em>θινὶ</em></strong></span> <span class='ocrx_word' id='word_1_139' title='bbox 806 2127 995 2212; x_wconf 83' lang='grc' dir='ltr'><strong><em>θαλάσσης,</em></strong></span> <span class='ocrx_word' id='word_1_140' title='bbox 1109 2143 1142 2192; x_wconf 73' lang='grc' dir='ltr'><strong><em>τε</em></strong></span> 
     </span>
     <span class='ocr_line' id='line_1_20' title="bbox 133 2230 969 2318; baseline 0.001 -21"><span class='ocrx_word' id='word_1_141' title='bbox 133 2232 256 2318; x_wconf 87' lang='grc' dir='ltr'><strong><em>ἀνδρὸς</em></strong></span> <span class='ocrx_word' id='word_1_142' title='bbox 279 2233 457 2316; x_wconf 90' lang='grc' dir='ltr'><strong><em>δυστήνοιο</em></strong></span> <span class='ocrx_word' id='word_1_143' title='bbox 479 2231 535 2298; x_wconf 77' lang='grc' dir='ltr'><strong><em>καὶ</em></strong></span> <span class='ocrx_word' id='word_1_144' title='bbox 559 2231 768 2317; x_wconf 84' lang='grc' dir='ltr'><strong><em>ἐσσομένοισι</em></strong></span> <span class='ocrx_word' id='word_1_145' title='bbox 789 2230 969 2298; x_wconf 86' lang='grc' dir='ltr'><strong><em>πυθέσθαι</em></strong></span> 
     </span>
     <span class='ocr_line' id='line_1_21' title="bbox 132 2333 1219 2426; baseline 0.002 -23"><span class='ocrx_word' id='word_1_146' title='bbox 132 2338 236 2403; x_wconf 88' lang='grc' dir='ltr'><strong><em>ταῦτά</em></strong></span> <span class='ocrx_word' id='word_1_147' title='bbox 257 2334 295 2403; x_wconf 91' lang='grc' dir='ltr'><strong><em>τέ</em></strong></span> <span class='ocrx_word' id='word_1_148' title='bbox 314 2361 371 2421; x_wconf 90' lang='grc' dir='ltr'><strong><em>μοι</em></strong></span> <span class='ocrx_word' id='word_1_149' title='bbox 392 2335 521 2403; x_wconf 86' lang='grc' dir='ltr'><strong><em>τελέσαι</em></strong></span> <span class='ocrx_word' id='word_1_150' title='bbox 546 2339 649 2421; x_wconf 87' lang='grc' dir='ltr'><strong><em>πῆξαί</em></strong></span> <span class='ocrx_word' id='word_1_151' title='bbox 667 2333 697 2403; x_wconf 85' lang='grc' dir='ltr'><strong><em>τ’</em></strong></span> <span class='ocrx_word' id='word_1_152' title='bbox 722 2336 776 2403; x_wconf 75' lang='grc' dir='ltr'><strong><em>ἐπὶ</em></strong></span> <span class='ocrx_word' id='word_1_153' title='bbox 798 2338 911 2426; x_wconf 79' lang='grc' dir='ltr'><strong><em>τύμβῳ</em></strong></span> <span class='ocrx_word' id='word_1_154' title='bbox 935 2338 1086 2425; x_wconf 89' lang='grc' dir='ltr'><strong><em>ἐρετμόν,</em></strong></span> <span class='ocrx_word' id='word_1_155' title='bbox 1216 2365 1219 2371; x_wconf 83' lang='grc'><strong>’</strong></span> 
     </span>
     <span class='ocr_line' id='line_1_22' title="bbox 132 2437 1028 2532; baseline 0.001 -24"><span class='ocrx_word' id='word_1_156' title='bbox 132 2453 178 2532; x_wconf 74' lang='grc' dir='ltr'><strong><em>τῷ</em></strong></span> <span class='ocrx_word' id='word_1_157' title='bbox 202 2441 259 2508; x_wconf 79' lang='grc' dir='ltr'><strong><em>καὶ</em></strong></span> <span class='ocrx_word' id='word_1_158' title='bbox 281 2443 361 2521; x_wconf 81' lang='grc' dir='ltr'><strong><em>ζωὸς</em></strong></span> <span class='ocrx_word' id='word_1_159' title='bbox 383 2445 522 2528; x_wconf 81' lang='grc' dir='ltr'><strong><em>ἔρεσσον</em></strong></span> <span class='ocrx_word' id='word_1_160' title='bbox 544 2443 609 2509; x_wconf 76' lang='grc' dir='ltr'><strong><em>έδτν</em></strong></span> <span class='ocrx_word' id='word_1_161' title='bbox 631 2437 701 2527; x_wconf 86' lang='grc' dir='ltr'><strong><em>μετ’</em></strong></span> <span class='ocrx_word' id='word_1_162' title='bbox 726 2442 817 2527; x_wconf 79' lang='grc' dir='ltr'><strong><em>ἐμοῖς</em></strong></span> <span class='ocrx_word' id='word_1_163' title='bbox 839 2441 1028 2529; x_wconf 59' lang='grc' dir='ltr'><strong><em>έτάροισινέ</em></strong></span> 
     </span>
     <span class='ocr_line' id='line_1_23' title="bbox 178 2543 1120 2636; baseline 0 -21"><span class='ocrx_word' id='word_1_164' title='bbox 178 2545 223 2626; x_wconf 80' lang='grc' dir='ltr'><strong><em>ὧς</em></strong></span> <span class='ocrx_word' id='word_1_165' title='bbox 245 2543 352 2634; x_wconf 81' lang='grc' dir='ltr'><strong><em>ἔφατ’,</em></strong></span> <span class='ocrx_word' id='word_1_166' title='bbox 376 2549 480 2636; x_wconf 82' lang='grc' dir='ltr'><strong><em>αὐτὰρ</em></strong></span> <span class='ocrx_word' id='word_1_167' title='bbox 503 2549 566 2633; x_wconf 82' lang='grc' dir='ltr'><strong><em>ἐγώ</em></strong></span> <span class='ocrx_word' id='word_1_168' title='bbox 590 2573 648 2634; x_wconf 91' lang='grc' dir='ltr'><strong><em>μιν</em></strong></span> <span class='ocrx_word' id='word_1_169' title='bbox 671 2549 886 2633; x_wconf 83' lang='grc' dir='ltr'><strong><em>ἀμειβόμενος</em></strong></span> <span class='ocrx_word' id='word_1_170' title='bbox 908 2548 1120 2635; x_wconf 87' lang='grc' dir='ltr'><strong><em>προσέειπον·</em></strong></span> 
     </span>
     <span class='ocr_line' id='line_1_24' title="bbox 133 2651 1142 2741; baseline 0 -21"><span class='ocrx_word' id='word_1_171' title='bbox 133 2657 247 2740; x_wconf 85' lang='grc' dir='ltr'><strong><em>,ταῦτά</em></strong></span> <span class='ocrx_word' id='word_1_172' title='bbox 269 2679 337 2740; x_wconf 92' lang='grc' dir='ltr'><strong><em>τοι,</em></strong></span> <span class='ocrx_word' id='word_1_173' title='bbox 360 2651 386 2722; x_wconf 80' lang='grc' dir='ltr'>ὦ</span> <span class='ocrx_word' id='word_1_174' title='bbox 411 2656 568 2740; x_wconf 85' lang='grc' dir='ltr'><strong><em>δύστηνε,</em></strong></span> <span class='ocrx_word' id='word_1_175' title='bbox 591 2658 775 2738; x_wconf 88' lang='grc' dir='ltr'><strong><em>τελευτήσω</em></strong></span> <span class='ocrx_word' id='word_1_176' title='bbox 797 2677 832 2720; x_wconf 92' lang='grc' dir='ltr'><strong><em>τε</em></strong></span> <span class='ocrx_word' id='word_1_177' title='bbox 854 2652 910 2719; x_wconf 82' lang='grc' dir='ltr'><strong><em>καλ</em></strong></span> <span class='ocrx_word' id='word_1_178' title='bbox 933 2653 1036 2741; x_wconf 55' lang='grc' dir='ltr'><strong><em>ἔρξω(</em></strong></span> <span class='ocrx_word' id='word_1_179' title='bbox 1108 2672 1142 2720; x_wconf 81' lang='lat'><strong><em>80</em></strong></span> 
     </span>
     <span class='ocr_line' id='line_1_25' title="bbox 177 2757 1027 2846; baseline -0.001 -20"><span class='ocrx_word' id='word_1_180' title='bbox 177 2771 240 2826; x_wconf 80' lang='grc' dir='ltr'><strong><em>νῶι</em></strong></span> <span class='ocrx_word' id='word_1_181' title='bbox 262 2757 323 2845; x_wconf 73' lang='grc' dir='ltr'><strong><em>μέν</em></strong></span> <span class='ocrx_word' id='word_1_182' title='bbox 346 2757 391 2839; x_wconf 75' lang='grc' dir='ltr'><strong><em>ὥς</em></strong></span> <span class='ocrx_word' id='word_1_183' title='bbox 413 2759 564 2828; x_wconf 82' lang='grc' dir='ltr'><strong><em>ἐπέεσσιν</em></strong></span> <span class='ocrx_word' id='word_1_184' title='bbox 586 2758 792 2846; x_wconf 76' lang='grc' dir='ltr'><strong><em>ἀμειβομένω</em></strong></span> <span class='ocrx_word' id='word_1_185' title='bbox 815 2771 1027 2846; x_wconf 82' lang='grc' dir='ltr'><strong><em>στυγεροῖσιν</em></strong></span> 
     </span>
     <span class='ocr_line' id='line_1_26' title="bbox 134 2861 1142 2952; baseline -0.002 -20"><span class='ocrx_word' id='word_1_186' title='bbox 134 2861 245 2952; x_wconf 87' lang='grc' dir='ltr'><strong><em>ήμεθ’,</em></strong></span> <span class='ocrx_word' id='word_1_187' title='bbox 273 2867 337 2950; x_wconf 82' lang='grc' dir='ltr'><strong><em>ἐγὼ</em></strong></span> <span class='ocrx_word' id='word_1_188' title='bbox 363 2863 424 2951; x_wconf 76' lang='grc' dir='ltr'><strong><em>μέν</em></strong></span> <span class='ocrx_word' id='word_1_189' title='bbox 448 2867 592 2932; x_wconf 77' lang='grc' dir='ltr'><strong><em>ἄνευθεν</em></strong></span> <span class='ocrx_word' id='word_1_190' title='bbox 614 2861 667 2951; x_wconf 84' lang='grc' dir='ltr'><strong><em>ἐφ’</em></strong></span> <span class='ocrx_word' id='word_1_191' title='bbox 693 2867 805 2950; x_wconf 79' lang='grc' dir='ltr'><strong><em>αἵματι</em></strong></span> <span class='ocrx_word' id='word_1_192' title='bbox 827 2867 1002 2951; x_wconf 85' lang='grc' dir='ltr'><strong><em>φάσγανον</em></strong></span> <span class='ocrx_word' id='word_1_193' title='bbox 1025 2873 1142 2950; x_wconf 80' lang='grc' dir='ltr'><strong><em>ἴσχων,</em></strong></span> 
     </span>
     <span class='ocr_line' id='line_1_27' title="bbox 134 2966 988 3058; baseline -0.002 -19"><span class='ocrx_word' id='word_1_194' title='bbox 134 2975 275 3039; x_wconf 87' lang='grc' dir='ltr'><strong><em>είδωλον</em></strong></span> <span class='ocrx_word' id='word_1_195' title='bbox 298 2967 329 3038; x_wconf 91' lang='grc' dir='ltr'><strong><em>δ’</em></strong></span> <span class='ocrx_word' id='word_1_196' title='bbox 354 2970 517 3057; x_wconf 79' lang='grc' dir='ltr'><strong><em>ἑτέρωθεν</em></strong></span> <span class='ocrx_word' id='word_1_197' title='bbox 540 2970 672 3058; x_wconf 83' lang='grc' dir='ltr'><strong><em>ἑταίρου</em></strong></span> <span class='ocrx_word' id='word_1_198' title='bbox 694 2966 789 3037; x_wconf 87' lang='grc' dir='ltr'><strong><em>πόλλ’</em></strong></span> <span class='ocrx_word' id='word_1_199' title='bbox 815 2971 988 3058; x_wconf 88' lang='grc' dir='ltr'><strong><em>ἀγόρευεν·</em></strong></span> 
     </span>
     <span class='ocr_line' id='line_1_28' title="bbox 134 3073 925 3163; baseline -0.004 -18"><span class='ocrx_word' id='word_1_200' title='bbox 134 3075 218 3162; x_wconf 77' lang='grc' dir='ltr'><strong><em>ἦλθε</em></strong></span> <span class='ocrx_word' id='word_1_201' title='bbox 241 3073 273 3144; x_wconf 91' lang='grc' dir='ltr'><strong><em>δ’</em></strong></span> <span class='ocrx_word' id='word_1_202' title='bbox 299 3077 352 3144; x_wconf 81' lang='grc' dir='ltr'><strong><em>ἐπὶ</em></strong></span> <span class='ocrx_word' id='word_1_203' title='bbox 373 3079 462 3163; x_wconf 76' lang='grc' dir='ltr'><strong><em>ψυχή</em></strong></span> <span class='ocrx_word' id='word_1_204' title='bbox 486 3080 607 3163; x_wconf 87' lang='grc' dir='ltr'><strong><em>μητρὸς</em></strong></span> <span class='ocrx_word' id='word_1_205' title='bbox 629 3079 925 3162; x_wconf 87' lang='grc' dir='ltr'><strong><em>κατατεθνηκυίης,</em></strong></span> 
     </span>
     <span class='ocr_line' id='line_1_29' title="bbox 134 3177 1143 3269; baseline -0.001 -20"><span class='ocrx_word' id='word_1_206' title='bbox 134 3184 333 3251; x_wconf 85' lang='grc' dir='ltr'><strong><em>Αὐτολύκου</em></strong></span> <span class='ocrx_word' id='word_1_207' title='bbox 354 3185 507 3268; x_wconf 87' lang='grc' dir='ltr'><strong><em>θυγάτηρ</em></strong></span> <span class='ocrx_word' id='word_1_208' title='bbox 530 3185 753 3269; x_wconf 88' lang='grc' dir='ltr'><strong><em>μεγαλήτορος</em></strong></span> <span class='ocrx_word' id='word_1_209' title='bbox 775 3177 970 3266; x_wconf 80' lang='grc' dir='ltr'><strong><em>Ἀντίκλεια,</em></strong></span> <span class='ocrx_word' id='word_1_210' title='bbox 1108 3198 1143 3248; x_wconf 75' lang='lat'><strong><em>⁸6</em></strong></span> 
     </span>
     <span class='ocr_line' id='line_1_30' title="bbox 134 3287 898 3374; baseline -0.004 -19"><span class='ocrx_word' id='word_1_211' title='bbox 134 3291 196 3374; x_wconf 88' lang='grc' dir='ltr'><strong><em>τήν</em></strong></span> <span class='ocrx_word' id='word_1_212' title='bbox 219 3291 305 3374; x_wconf 76' lang='grc' dir='ltr'><strong><em>ζωήν</em></strong></span> <span class='ocrx_word' id='word_1_213' title='bbox 326 3287 519 3355; x_wconf 86' lang='grc' dir='ltr'><strong><em>κατέλειπον</em></strong></span> <span class='ocrx_word' id='word_1_214' title='bbox 542 3289 603 3353; x_wconf 82' lang='grc' dir='ltr'><strong><em>ίὼν</em></strong></span> <span class='ocrx_word' id='word_1_215' title='bbox 625 3290 673 3365; x_wconf 91' lang='grc' dir='ltr'><strong><em>είς</em></strong></span> <span class='ocrx_word' id='word_1_216' title='bbox 686 3287 790 3353; x_wconf 83' lang='grc' dir='ltr'><strong><em>Ἴλιον</em></strong></span> <span class='ocrx_word' id='word_1_217' title='bbox 813 3288 898 3373; x_wconf 89' lang='grc' dir='ltr'><strong><em>ίρήν.</em></strong></span> 
     </span>
     <span class='ocr_line' id='line_1_31' title="bbox 133 3391 977 3480; baseline -0.005 -19"><span class='ocrx_word' id='word_1_218' title='bbox 133 3397 196 3480; x_wconf 86' lang='grc' dir='ltr'><strong><em>τήν</em></strong></span> <span class='ocrx_word' id='word_1_219' title='bbox 218 3391 278 3480; x_wconf 79' lang='grc' dir='ltr'><strong><em>μέν</em></strong></span> <span class='ocrx_word' id='word_1_220' title='bbox 301 3393 365 3478; x_wconf 82' lang='grc' dir='ltr'><strong><em>ἐγὼ</em></strong></span> <span class='ocrx_word' id='word_1_221' title='bbox 388 3395 538 3480; x_wconf 89' lang='grc' dir='ltr'><strong><em>δάκρυσα</em></strong></span> <span class='ocrx_word' id='word_1_222' title='bbox 561 3391 784 3478; x_wconf 82' lang='grc' dir='ltr'><strong><em>ίδὼυέλέησά</em></strong></span> <span class='ocrx_word' id='word_1_223' title='bbox 806 3415 841 3458; x_wconf 91' lang='grc' dir='ltr'><strong><em>τε</em></strong></span> <span class='ocrx_word' id='word_1_224' title='bbox 863 3397 977 3480; x_wconf 73' lang='grc' dir='ltr'><strong><em>θυμῷ·</em></strong></span> 
     </span>
     <span class='ocr_line' id='line_1_32' title="bbox 134 3494 1092 3586; baseline -0.007 -19"><span class='ocrx_word' id='word_1_225' title='bbox 134 3494 206 3567; x_wconf 89' lang='grc' dir='ltr'><strong><em>ἀλλ’</em></strong></span> <span class='ocrx_word' id='word_1_226' title='bbox 233 3495 305 3567; x_wconf 84' lang='grc' dir='ltr'><strong><em>οὐδ’</em></strong></span> <span class='ocrx_word' id='word_1_227' title='bbox 332 3495 376 3578; x_wconf 78' lang='grc' dir='ltr'><strong><em>ὥς</em></strong></span> <span class='ocrx_word' id='word_1_228' title='bbox 399 3506 478 3566; x_wconf 83' lang='grc' dir='ltr'><strong><em>είων</em></strong></span> <span class='ocrx_word' id='word_1_229' title='bbox 499 3497 678 3586; x_wconf 90' lang='grc' dir='ltr'><strong><em>προτέρην,</em></strong></span> <span class='ocrx_word' id='word_1_230' title='bbox 701 3500 842 3564; x_wconf 90' lang='grc' dir='ltr'><strong><em>πυκινόν</em></strong></span> <span class='ocrx_word' id='word_1_231' title='bbox 865 3517 926 3583; x_wconf 91' lang='grc' dir='ltr'><strong><em>περ</em></strong></span> <span class='ocrx_word' id='word_1_232' title='bbox 950 3497 1092 3581; x_wconf 90' lang='grc' dir='ltr'><strong><em>ἀχεύων,</em></strong></span> 
     </span>
    </p>
   </div>
   <div class='ocr_carea' id='block_1_7' title="bbox 0 0 1336 3917">
    <p class='ocr_par' dir='ltr' id='par_1_7' title="bbox 0 0 1336 3917">
     <span class='ocr_line' id='line_1_33' title="bbox 0 0 1336 3917; baseline 0 0"><span class='ocrx_word' id='word_1_233' title='bbox 0 0 1336 3917; x_wconf 95' lang='lat' dir='ltr'><strong><em> </em></strong></span> 
     </span>
    </p>
   </div>
  </div>
 </body>
</html>
