2642 3917
165 191 229 258 146
542 195 750 248 omnam:
767 198 790 250 Ι.

164 336 279 421 ὀρθῶν
302 335 480 404 έσταότωυ·
501 342 539 406 τὸ
563 335 600 405 δέ
622 341 740 423 νήπιος
763 338 825 404 ούκ
849 338 1001 422 ἐνόησεν,

164 443 208 520 ὥς
232 443 267 508 οί
286 440 342 508 ὑπ’
369 446 553 530 εἰροπόκων
576 444 657 510 ὀίων
682 443 846 530 στέρνοισι
870 442 1013 510 δέδεντο.

65 612 68 619 ,
164 547 303 626 ύστατος
327 550 458 635 ἀρνειὸς
479 554 594 636 μήλων
616 554 738 637 ἔστειχε
760 552 884 637 θύραζε

52 707 55 714 .
164 655 273 743 λάχνφ
298 657 506 741 στεινόμενος
528 655 584 723 καὶ
608 656 680 742 ἐμοὶ
703 658 827 723 πυκινὰ
849 655 1035 741 φρονέοντι.
1121 672 1173 720 445

164 763 223 827 τὸν
251 757 283 826 δ’
315 761 576 846 ἐπιμασσάμενος
598 762 750 849 προσέφη
773 763 931 848 κρατερὸς
954 763 1174 846 Πολύφημος·

165 863 247 952 ,κριδ
269 866 389 951 πέπον,
412 871 449 933 τί
467 892 524 952 μοι
547 864 611 935 ὧδε
636 870 692 935 διὰ
714 867 813 945 σπέος
835 871 935 933 ἔσσυο
958 870 1073 952 μήλων

164 971 318 1052 ύστατος;
342 973 385 1038 ού
407 997 439 1037 τι
461 975 567 1060 πάρος
588 999 626 1058 γε
650 972 860 1058 λελειμμένος
883 976 992 1059 ἔρχεαι
1015 976 1111 1056 οίῶν,

166 1077 248 1143 ἀλλὰ
271 1083 357 1145 πολὺ
379 1091 509 1166 πρῶτος
530 1081 643 1166 νέμεαι
665 1076 772 1166 τέρεν’
798 1080 905 1144 ἄνθεα
927 1082 1024 1163 ποίης

165 1186 273 1270 μακρὰ
295 1187 406 1270 βιβάς,
429 1198 558 1271 πρῶτος
582 1183 618 1253 δὲ
637 1187 717 1273 βοὰς
735 1196 891 1269 ποταμῶν
910 1185 1097 1270 ἀφικάνεις,
1121 1201 1173 1250 450

164 1301 294 1375 πρῶτος
316 1287 354 1356 δέ
376 1294 566 1377 σταθμόνδε
589 1295 731 1358 λιλαίεαι
754 1289 956 1356 ἀπονέεσθαι

165 1394 328 1482 ἑσπέριος·
349 1406 415 1463 νῦν
438 1392 516 1464 αὖτε
539 1401 754 1476 πανύστατος.
799 1392 820 1481 ή
845 1393 941 1479 σύγ’
968 1397 1108 1472 ἄνακτος

165 1501 344 1587 ὀφθαλμὸν
366 1503 516 1587 ποθέεις,
539 1506 599 1571 τὸν
622 1504 707 1590 ἀνήρ
729 1504 829 1580 κακὸς
851 1501 1034 1582 ἐξαλάωσεν

165 1611 230 1674 σὺν
251 1612 387 1691 λυγροῖς
410 1607 556 1694 ἑτάροισι
583 1611 835 1696 δαμασσάμενος
858 1607 984 1693 φρένας
1007 1614 1103 1696 οίνφ,

167 1708 280 1797 Οὖτις,
303 1713 344 1779 δν
366 1714 408 1780 ού
430 1715 481 1779 πά
505 1739 591 1800 φημι
609 1715 823 1800 πεφυγμένον
841 1709 926 1781 εἶναι
946 1715 1098 1800 ὄλεθρον.
1121 1729 1173 1779 455

165 1820 197 1886 εἰ
218 1820 259 1903 δή
282 1820 502 1907 ὁμοφρονέοις
528 1824 750 1906 ποτιφωνήεις
771 1844 807 1887 τε
828 1819 941 1905 γένοιο

165 1927 285 2010 εἰπεῖν,
309 1925 396 2012 ὅππη
419 1938 529 2005 κεῖνος
551 1926 632 2012 ἐμὸν
654 1926 753 2012 μένος
775 1927 961 2011 ἠλασκάζει·

164 2039 210 2119 τςό
231 2029 271 2097 κέ
291 2031 327 2097 οί
346 2031 527 2117 ἐγκέφαλός
548 2057 585 2117 γε
609 2034 664 2100 διὰ
687 2032 786 2109 σπέος
808 2033 944 2109 ἄλλυδις
966 2033 1048 2117 άλλη

164 2135 366 2221 θεινομένου
389 2138 516 2224 ῥαίοιτο
540 2140 622 2225 πρὸς
645 2139 754 2220 οὔδει,
776 2139 841 2203 κὰδ
864 2137 904 2204 δέ
923 2135 953 2203 κ’
980 2137 1061 2222 ἐμόν
1082 2145 1145 2223 κῆρ

165 2245 329 2328 λωφήσειε
351 2256 476 2327 κακῶν,
500 2245 540 2309 τά
563 2267 620 2328 μοι
643 2243 819 2319 οὐτιδανὸς
840 2246 944 2328 πόρεν
969 2238 1089 2320 Οὖτις(
1121 2260 1173 2309 460

209 2343 254 2425 ὧς
276 2351 378 2415 είπδιν
400 2352 460 2416 τὸν
482 2351 577 2436 κριὸν
600 2350 664 2415 ἀπὸ
687 2348 722 2415 έο
745 2347 849 2433 πέμπε
872 2350 1005 2435 θύραζε.

166 2453 321 2531 ἐλθόντες
343 2452 374 2519 δ’
400 2457 519 2540 ήβαιὸν
542 2456 605 2522 ἀπὸ
629 2457 765 2531 σπείους
786 2477 820 2520 τε
843 2453 898 2520 καί
921 2455 1023 2538 αὐλῆς

165 2571 294 2645 πρῶτος
315 2558 372 2626 ὑπ’
399 2561 535 2647 ἀρνειοῦ
558 2563 702 2645 λυόμην,
724 2560 873 2626 ὑπέλυσα
896 2557 926 2627 δ’
952 2559 1110 2646 ἑταίρους.

165 2670 376 2752 καρπαλίμως
399 2663 437 2734 δέ
458 2669 499 2732 τά
521 2672 608 2753 μῆλα
630 2668 838 2748 ταναύποδα,
860 2670 961 2732 πίονα
985 2667 1093 2755 δημῷ,

165 2775 271 2838 πολλοὶ
293 2771 563 2858 περιτροπέοντες
584 2772 782 2857 ἐλαύνομεν,
806 2769 884 2857 ὄφρ’
911 2769 965 2838 ἐπὶ
987 2781 1051 2854 υήα
1120 2786 1172 2836 465

166 2875 307 2962 ίκόμεθ’.
353 2877 510 2944 ἀσπάσιοι
533 2874 569 2943 δέ
593 2881 705 2963 φίλοις
727 2877 873 2963 ἑτάροισι
895 2880 1062 2963 φάνημεν,

165 2987 202 3050 οἳ
221 2985 373 3069 φύγομεν
395 2985 560 3066 θάνατον,
582 2988 661 3061 τοὺς
684 2980 721 3050 δέ
744 2985 941 3068 στενάχοντο
963 2987 1114 3068 γοῶντες.

166 3087 237 3156 ἀλλ’
264 3089 328 3173 ἐγὼ
352 3089 413 3155 ούκ
436 3095 530 3173 είων,
554 3089 618 3154 ἀνά
641 3087 671 3155 δ’
698 3090 823 3176 ὀφρύσι
845 3098 947 3154 νεῦον
969 3087 1108 3178 ἑκάστω,

165 3188 307 3279 κλαίειν,
331 3192 402 3261 ἀλλ’
429 3193 585 3261 ἐκέλευσα
607 3201 700 3270 θοῶς
720 3197 911 3279 καλλίτριχα
933 3199 1020 3278 μήλα

165 3299 259 3367 πόλλ’
285 3301 322 3366 έν
344 3300 401 3384 νηὶ
423 3302 585 3385 βαλόντας
607 3299 757 3366 ἐπιπλεῖν
779 3299 928 3385 ἁλμυρὸν
949 3299 1050 3384 ύδωρ.
1119 3315 1173 3363 470

167 3408 202 3472 οί
223 3404 254 3471 δ’
280 3402 351 3484 αἶψ’
378 3410 548 3490 εἴσβαινον
570 3405 625 3471 καὶ
649 3404 702 3471 ἐπὶ
723 3410 835 3490 κληῖσι
856 3408 1010 3487 καθίζου,
1145 3487 1147 3493 Ι

167 3510 239 3595 ἑξῆς
263 3509 293 3576 δ’
320 3509 466 3595 ἑζόμενοι
488 3512 609 3595 πολιήν
632 3513 695 3577 ἀλα
717 3512 842 3577 τύπτον
864 3510 1018 3597 ἐρετμοῖς.
