2642 3917
512 175 720 227 omnm
738 176 799 228 xn.
1082 175 1142 238 201

140 319 276 404 ἠρώμην
297 318 455 383 πάντεσσι
480 322 588 400 θεοῖς,
613 320 648 383 οῖ
667 315 839 402 Ὄλυμπον
861 318 1007 402 ἐχουσιν·

140 424 176 488 οί
201 421 232 488 δ’
263 425 327 509 ἀρα
349 446 406 508 μοι
428 426 554 505 γλυκύν
576 423 685 489 ὕπνον
707 422 760 489 ἐπὶ
782 424 999 509 βλεφάροισιν
1022 425 1146 508 ἔχευαν.

141 529 333 614 Εὐρύλοχος
355 523 387 593 δ’
413 527 559 614 ἑτάροισι
581 537 683 611 κακῆς
705 527 857 614 ἐξήρχετο
879 532 1015 613 βουλής·

141 631 288 719 ,κέκλυτέ
307 657 371 717 μευ
392 634 513 717 μύθων
539 635 623 699 κακά
645 655 707 719 περ
729 634 911 718 πάσχοντες
932 632 1064 720 ἑταῖροι.
1095 650 1147 700 340

11 813 12 820 ¹
140 741 259 816 πάντες
281 735 342 822 μέν
365 737 519 825 στυγεροὶ
540 739 684 804 θάνατοι
707 740 846 805 δειλοῖσι
868 743 1054 826 βροτοῖσιν,

142 850 225 933 λιμῷ
249 841 280 909 δ’
308 851 472 911 οῖκτιστον
493 843 630 910 θανέειν
651 843 708 910 καὶ
729 847 856 929 πότμον
879 845 1036 912 ἐπισπεῖν.

141 948 213 1016 ἀλλ’
239 947 341 1033 ἀνετ’,
363 947 505 1015 Ἠελίοιο
528 952 618 1032 βοῶν
641 949 816 1028 ἐλάσαντες
838 951 972 1037 ἀρίστας

141 1055 278 1142 ῥέξομεν
301 1054 513 1138 ἀθανάτοισι,
535 1053 588 1120 τοὶ
611 1055 757 1140 οὐρανὸν
780 1056 883 1143 εύρὺν
905 1059 1048 1141 ἔχουσιν.

141 1165 173 1227 εί
194 1160 234 1227 δέ
253 1184 311 1227 κεν
334 1165 381 1239 είς
395 1160 530 1245 Ἰθάκην
552 1160 771 1246 ἀφικοίμεθα,
794 1163 936 1249 πατρίδα
958 1173 1072 1245 γαῖαν,
1095 1178 1147 1228 343

141 1263 223 1346 αἶψά
245 1292 303 1333 κεν
322 1266 439 1356 Ἠελίφ
458 1264 621 1353 Ἵπερίονι
643 1270 743 1332 πίονα
765 1269 848 1352 νηὸν

141 1372 312 1457 τεύξομεν,
336 1372 373 1440 ἐν
396 1372 436 1439 δέ
454 1397 491 1439 κε
513 1379 631 1456 θεῖμεν
649 1371 819 1458 ἀγάλματα
836 1375 942 1439 πολλὰ
958 1373 1015 1443 καὶ
1032 1373 1146 1440 ἐσθλά.

142 1482 173 1544 εί
195 1476 231 1545 δέ
254 1479 483 1564 χολωσάμενός
505 1501 538 1542 τι
559 1480 649 1562 βοῶν
673 1479 926 1566 ὀρθοκραιράων

140 1582 195 1667 νῆ’
223 1583 322 1670 ἐθέλη
346 1583 475 1666 ὀλέσαι,
499 1581 553 1649 ἐπὶ
576 1581 607 1647 δ’
633 1581 797 1649 ἕσπωνται
818 1583 895 1650 θεοὶ
917 1587 1027 1669 ἀλλοι,

141 1685 280 1774 βούλομ’
305 1690 389 1769 ἅπαξ
403 1690 485 1775 πρὸς
498 1699 585 1774 κῦμα
598 1690 710 1774 χανὼν
724 1689 787 1756 ἀπὸ
800 1693 913 1776 θυμὸν
927 1691 1076 1776 ὀλέσσαι,
1095 1708 1147 1759 330

142 1794 162 1878 ή
187 1796 276 1880 δηθά
299 1795 519 1880 στρεύγεσθαι
541 1795 606 1861 έὼν
628 1794 666 1861 έν
687 1799 778 1885 νήσω
801 1795 926 1883 ἐρήμη.ι

186 1897 230 1978 ὧς
252 1899 346 1987 ἔφατ’
371 1902 578 1988 Εὐρύλοχος,
603 1898 656 1967 ἐπὶ
679 1899 710 1966 δ’
736 1900 838 1987 ᾔνεον
859 1904 954 1969 ἀλλοι
976 1902 1108 1992 ἑταῖροι.

142 2008 258 2072 αὐτίκα
281 2006 311 2072 δ’
335 2005 479 2071 Ἠελίοιο
501 2009 591 2088 βοῶν
614 2006 788 2085 ἐλάσαντες
811 2008 945 2095 ἀρίστας

142 2112 301 2195 ἐγγύθεν,
325 2111 366 2176 ού
388 2111 451 2197 γὰρ
473 2115 551 2193 τήλε
572 2113 648 2189 νεὸς
670 2113 922 2200 κυανοπρώροιο

142 2214 361 2300 βοσκέσκονθ’
389 2215 493 2294 ἕλικες
514 2215 611 2282 καλαὶ
633 2220 710 2301 βόες
731 2217 974 2305 εὐρυμέτωποι,
1095 2237 1146 2287 333

141 2324 199 2400 τάς
222 2319 259 2387 δέ
281 2323 482 2408 περίστησάν
503 2345 538 2388 τε
560 2321 615 2388 καὶ
638 2323 838 2407 εὐχετόωντο
860 2331 1023 2410 θεοῖσιν,
1100 2313 1104 2318 “

143 2430 253 2513 φύλλα
276 2429 476 2513 δρεψάμενοι
497 2426 613 2513 τέρενα
637 2429 739 2513 δρυὸς
759 2428 951 2514 ὑψικόμοιο·

142 2535 183 2600 ού
205 2535 269 2621 γάρ
292 2535 368 2617 ἔχον
390 2543 448 2618 κρῖ
468 2534 587 2599 λευκὸν
610 2532 794 2618 ἐυσσέλμου
816 2533 870 2601 ἐπὶ
891 2539 980 2620 νηός.

142 2642 245 2725 αὐτὰρ
269 2639 342 2705 ἐπεί
362 2637 392 2726 ῥ’
419 2639 555 2719 εύξαντο
578 2638 633 2705 καλ
655 2641 803 2725 ἔσφαξαν
823 2639 879 2706 καὶ
902 2644 1048 2728 ἐδειρανι,

142 2747 268 2832 μηρούς
288 2744 318 2811 τ’
344 2743 500 2830 ἐξέταμον
521 2736 603 2811 κατά
624 2769 659 2812 τε
682 2749 779 2833 κνίση
803 2746 971 2826 ἐκάλυψαν
1094 2767 1146 2818 330

142 2853 281 2936 δίπτυχα
303 2854 514 2935 ποιήσαντες,
538 2849 588 2917 ἐπ’
614 2851 725 2917 αὐτῶν
748 2849 779 2917 δ’
806 2850 1031 2938 ὠμοθέτησαν.

142 2955 215 3022 οόδ’
241 2952 332 3040 εἶχον
353 2957 442 3041 μέθυ
460 2964 571 3035 λεῖψαι
593 2955 643 3022 ἐπ’
670 2956 863 3042 αἰθομένοις
886 2958 1040 3045 ίεροῖσιν,

142 3060 213 3127 ἀλλ’
238 3061 336 3127 ύδατι
359 3061 556 3140 σπένδοντες
577 3062 737 3129 ἐπώπτων
758 3065 877 3146 ἔγκατα
898 3065 1014 3131 πάντα.

10 3185 11 3252 η
141 3168 246 3253 αὐτὰρ
269 3166 340 3233 ἐπεὶ
361 3169 443 3233 κατὰ
465 3177 553 3253 μήρα
574 3169 637 3251 κάη
659 3166 716 3234 καὶ
738 3169 909 3254 σπλάγχνα
930 3171 1093 3254 πάσαντο,

141 3275 321 3359 μίστυλλόν
338 3270 368 3338 τ’
390 3275 454 3359 ἀρα
466 3267 569 3338 τάλλα
582 3273 638 3340 καὶ
652 3272 734 3359 ἀμφ’
752 3275 919 3358 ὀβελοῖσιν
932 3278 1075 3363 ἔπειραν.
1094 3294 1145 3344 333

184 3380 238 3446 καὶ
261 3383 335 3446 τότε
357 3404 414 3464 μοι
436 3380 613 3467 βλεφάρων
635 3379 789 3460 ἐξέσσυτο
811 3382 959 3467 νήδυμος
983 3382 1101 3461 ύπνος,

140 3490 204 3571 βήν
228 3485 258 3552 δ’
287 3485 371 3552 ίέναι
394 3485 447 3551 ἐπὶ
469 3494 533 3568 νήα
554 3487 643 3568 θοήν
666 3485 721 3551 καὶ
742 3493 825 3553 θῖνα
846 3489 1026 3572 θαλάσσης.
