2642 3917
161 189 226 252 142
539 196 746 247 omnm
765 197 786 248 1.

160 333 219 416 ἤδε
242 332 282 400 δέ
301 358 359 419 μοι
379 337 462 402 κατὰ
483 339 596 423 θυμὸν
619 337 735 423 ἀρίστη
760 341 899 423 φαίνετο
921 339 1035 421 βουλή.

161 440 344 520 Κύκλωπος
366 444 430 530 γδρ
454 446 557 509 ἔκειτο
580 441 664 529 μέγα
688 444 835 530 ῥόπαλον
857 444 945 530 παρά
969 451 1075 530 σηκῷ,

159 551 290 632 χλωρὸν
313 546 477 614 ἐλαΐνεον·
500 550 538 615 τὸ
561 546 622 634 μὲν
645 552 799 634 ἔκταμεν,
823 551 913 635 όφρα
934 550 1057 634 φοροίη
1117 564 1169 612 820

161 651 319 719 αὐανθέν.
364 655 402 720 τὸ
425 650 486 740 μὲν
508 656 611 741 άμμες
634 654 787 741 ἐίσκομεν
810 656 1024 738 εἰσορόωντες

161 758 263 824 ὅσσον
285 755 321 824 θ’
350 759 442 825 ίστδν
464 762 544 844 νηδς
566 760 767 847 ἐεικοσόροιο
790 764 960 846 μελαίνης,

161 867 320 951 φορτίδος
342 866 486 953 εὐρείης,
509 867 531 950 ἤ
553 864 582 931 τ’
609 867 751 954 ἐκπεράᾳ
772 866 856 952 μέγα
878 872 1010 950 λαῖτμα·

161 974 282 1038 τόσσον
305 973 364 1055 ἐηυ
386 981 503 1056 μῆκος,
525 975 648 1039 τόσσον
670 973 774 1059 πάγος
796 973 1022 1058 είσοράασθαι.

161 1087 221 1144 τοῦ
243 1073 304 1163 μὲν
322 1077 404 1143 ὅσον
421 1075 450 1144 τ’
476 1079 616 1163 όργυιαυ
633 1078 720 1163 ἐγὼν
742 1078 891 1158 ἀπέκοψα
908 1079 1077 1162 παραστάς
1117 1093 1169 1143 325

161 1184 216 1251 καὶ
239 1180 401 1270 παρέθηχ’
429 1181 610 1269 ἑτάροισιν,
634 1182 797 1262 άποξῦσαι
819 1181 856 1251 δέ
878 1183 1027 1250 κέλευσα.

162 1291 198 1357 οί
218 1287 248 1357 δ’
276 1290 401 1375 δμαλδν
423 1293 580 1374 ποίησαν·
603 1289 667 1374 ἐγὼ
691 1285 724 1355 δ’
749 1288 881 1355 ἐθόωσα
904 1290 1072 1375 παραστὰς

162 1399 282 1483 άκρον,
305 1396 395 1481 άφαρ
419 1391 456 1461 δὲ
479 1397 591 1480 λαβὼν
614 1395 815 1482 ἐπυράκτεον
838 1395 875 1461 ἐν
897 1394 978 1481 πυρὶ
1000 1395 1115 1485 κηλέῳ.

162 1502 276 1569 καὶτὸ
299 1498 361 1586 μὲν
384 1495 422 1566 εὖ
444 1500 611 1587 κατέθηκα
632 1503 844 1588 κατακρύψας
865 1501 930 1568 ὑπὸ
952 1505 1080 1590 κόπρῳ,

161 1610 182 1693 ἤ
205 1609 248 1696 βα
269 1608 351 1674 κατὰ
375 1610 509 1686 σπείους
530 1607 646 1693 κέχυτο
670 1605 783 1693 μεγάλ’
809 1609 913 1692 ἤλιθα
935 1611 1054 1693 πολλή·
1118 1625 1169 1674 830

162 1715 266 1800 αὐτὰρ
288 1717 366 1791 τοὺς
389 1714 511 1792 ἄλλους
532 1717 642 1803 κλῆρφ
665 1714 876 1779 πεπαλάσθαι
899 1715 1045 1797 άυωγον,

162 1822 198 1898 ὅς
220 1843 270 1897 τις
292 1821 486 1903 τολμήσειεν
509 1817 582 1903 ἐμοὶ
604 1821 669 1884 σὺν
691 1821 815 1903 μοχλὸν
838 1819 949 1906 άείρας

162 1936 276 2012 τρῖψαι
299 1921 348 1990 ἐπ’
376 1926 556 2013 ὀφθαλμῷ,
581 1924 634 1990 ὅτε
655 1926 717 1990 τὸν
738 1929 862 2008 γλυκὺς
883 1927 989 2005 ύπνος
1012 1927 1129 1992 ίκάνοι.

162 2032 198 2098 οί
218 2028 248 2096 δ’
274 2034 408 2116 ἔλαχον,
431 2034 510 2108 τοὺς
532 2028 574 2095 άν
596 2053 633 2096 κε
654 2029 711 2097 καὶ
732 2033 858 2114 ἤθελον
880 2033 980 2110 αὐτὸς
1002 2030 1151 2115 ἑλέσθαι,

161 2136 332 2223 τέσσαρες,
356 2137 460 2222 αὐτὰρ
478 2136 542 2219 ἐγὼ
560 2135 705 2220 πέμπτος
722 2139 802 2221 μετὰ
819 2150 928 2205 τοῖσιν
946 2136 1094 2222 ἐλέγμην.
1116 2154 1169 2204 σου

163 2242 312 2329 ἑσπέριος
335 2237 366 2309 δ’
391 2238 497 2327 ἤλθεν
519 2244 711 2327 καλλίτριχα
733 2248 820 2328 μῆλα
842 2244 1037 2345 νομεύων]

162 2351 279 2415 αὐτίκα
302 2346 333 2413 δ’
360 2350 407 2427 είς
430 2348 512 2434 εὐρύ
535 2346 633 2425 σπέος
655 2349 758 2432 ἤλασε
778 2353 879 2416 πίονα
902 2354 990 2434 μῆλα

161 2456 269 2521 πάντα
291 2451 381 2539 μάλ’,
406 2452 488 2520 ούδὲ
507 2475 539 2518 τι
562 2458 653 2520 λεῖπε
675 2458 814 2539 βαθείης
837 2458 976 2521 ἑντοθεν
999 2455 1116 2538 αὐλῆς,

162 2563 183 2646 ἤ
206 2585 238 2626 τι
260 2560 448 2644 ὀισάμενος,
471 2557 492 2642 ἤ
514 2558 570 2625 καί
591 2561 673 2637 θεδς
695 2556 740 2637 ὥς
762 2558 939 2626 ἐκέλευσεν.

163 2667 267 2752 αὐτάρ
290 2661 389 2732 ἔπειτ’
416 2663 556 2748 ἐπέθηκε
578 2666 706 2751 θυρεόν
724 2664 827 2750 μέγαν
844 2663 944 2744 ὑψόσ’
966 2666 1093 2753 άείρας,
1117 2683 1169 2733 340

164 2771 314 2857 ἑζόμενος
338 2768 368 2837 δ’
394 2771 535 2855 ἤμελγεν
558 2772 608 2847 όις
629 2770 685 2837 καλ
709 2772 856 2856 μηκάδας
879 2768 989 2855 αἶγας,

162 2880 269 2944 πάντα
291 2878 373 2944 κατὰ
396 2887 532 2962 μοίραν,
554 2875 609 2942 καὶ
631 2875 688 2942 ὑπ’
714 2880 861 2964 ἔμβρυον
883 2872 963 2961 ἤκευ
985 2877 1112 2964 ἑκάστη.

163 2984 267 3069 αὐτὰρ
291 2981 361 3049 ἐπεὶ
384 2984 425 3067 δῆ
449 2991 570 3049 σπεῦσε
593 2985 822 3067 πονησάμενος
844 2984 884 3049 τά
907 2983 928 3048 δ
951 2987 1046 3070 ἔργα,

164 3093 228 3156 σὺν
255 3086 285 3156 δ’
316 3089 335 3155 ό
356 3113 394 3175 γε
418 3090 459 3173 δῆ
482 3082 561 3154 αύτε
584 3089 654 3154 δύω
678 3090 808 3175 μάρψας
829 3091 1015 3156 ὡπλίσσατο
1035 3091 1169 3176 δόρπου.

163 3192 217 3261 καί
240 3191 307 3262 τότ’
334 3194 398 3279 έγδι
417 3195 584 3260 Κύκλωπα
606 3195 806 3280 προσηύδων
825 3197 900 3280 άγχι
917 3196 1099 3282 παραστάς,
1118 3213 1170 3263 345
1305 3189 1309 3196 ⁵

163 3302 338 3385 κισσύβιον
361 3303 441 3387 μετὰ
463 3299 577 3386 χερσὶν
600 3302 685 3384 ἔχων
707 3299 847 3384 μέλανος
869 3307 989 3367 οίνοιο·

164 3408 338 3489 ,Κύκλωψ,
360 3414 416 3491 τῆ,
438 3410 492 3472 πίε
515 3402 626 3489 οἶνον,
650 3404 719 3471 ἐπεὶ
743 3407 847 3490 φάγες
869 3407 1035 3491 άυδρόμεα
1057 3405 1152 3493 κρέα,

165 3508 242 3597 ὄφρ’
269 3514 374 3597 είδῆς,
398 3503 472 3578 οἷόν
494 3536 525 3577 τι
548 3513 650 3578 ποτὸν
673 3513 749 3577 τόδε
771 3521 854 3596 νηῦς
877 3511 1065 3578 ἑκεκεύθειυ
