2642 3917
496 250 703 302 ΟΔΤΣΣΙΠΔΣ
722 252 795 302 VIII.
1086 248 1148 312 117

143 393 287 477 δεύεται,
311 393 394 458 ἀλλὰ
416 403 546 458 κακοῖσι
570 391 789 478 συνέρρηκται
811 391 1000 458 πολέεσσιν·

143 499 183 565 οὐ
206 502 269 586 γάρ
292 498 356 582 ἐγώ
378 497 419 583 γέ
439 502 474 564 τί
493 522 578 584 φημι
601 499 789 584 κακώτερον
811 500 893 565 ἀλλο
915 499 1089 584 θαλάσσης

143 607 248 692 ἀνδρα
270 630 307 689 γε
331 615 504 691 συγχεῦαι,
527 608 558 671 εί
578 603 633 671 καλ
656 607 743 690 μάλα
766 608 923 691 καρτερὸς
945 608 1028 690 είη.“

185 714 244 778 τὸν
268 710 298 777 δ’
325 707 398 778 αὖτ’
423 712 597 797 Εὐρύαλος
620 712 817 796 ἀπαμείβετο
840 710 996 796 φώνησέν
1018 733 1067 778 τε·
1102 729 1153 778 140

8 851 9 878 τ
144 820 342 904 ,,Λαοδάμα,
365 820 452 904 μάλα
474 828 572 884 τοῦτο
597 821 674 896 ἔπος
696 819 778 884 κατὰ
800 829 922 904 μοῖραν
944 821 1057 896 έειπες.

144 925 242 1002 αὐτὸς
263 935 327 991 νῦν
350 926 572 1012 προκάλεσσαι
595 927 655 991 ίὼν
677 923 733 990 καὶ
756 924 905 1010 πέφραδε
928 926 1073 1009 μῦθον.“

188 1033 291 1118 αύτάρ
315 1031 385 1098 έπελ
406 1035 443 1098 τό
466 1027 499 1115 γ’
525 1030 639 1097 άκουσ’
667 1031 794 1114 ἀγαθὸς
815 1032 892 1108 πάις
912 1026 1109 1115 Ἀλκινόοιο,

144 1147 203 1222 στῆ
227 1133 258 1224 β’
284 1137 318 1216 ές
340 1137 464 1223 μέσσον
488 1138 548 1203 ίών
570 1135 625 1203 καλ
646 1133 808 1220 Ὀδυσσῆα
830 1136 1039 1224 προσέειπεν·

145 1239 259 1330 ,δεῦρ’
284 1246 343 1327 ἄγε
365 1242 421 1310 καὶ
444 1244 497 1328 σύ,
521 1243 606 1324 ξεῖνε
628 1244 741 1330 πάτερ,
764 1247 918 1329 πείρησαι
935 1243 1079 1328 ἀέθλων,
1104 1261 1155 1309 146

145 1357 178 1416 εί
196 1353 269 1416 τινά
292 1372 358 1416 που
382 1350 556 1434 δεδάηκας·
579 1352 665 1415 ἔοικε
688 1348 727 1415 δέ
748 1345 778 1414 σ’
805 1351 901 1434 ἴδμεν
923 1350 1080 1428 ἀέθλους·

145 1458 186 1524 ού
208 1455 354 1543 μὲνγὰρ
377 1459 487 1541 μεῖζον
509 1455 603 1533 κλέος
626 1454 758 1541 ἀνέρος,
783 1457 872 1542 όφρα
894 1451 925 1521 κ’
950 1459 1059 1542 έησιν,

144 1564 165 1648 ἢ
189 1564 207 1629 ὅ
229 1588 261 1629 τι
282 1567 404 1629 ποσσίν
425 1584 460 1628 τε
483 1560 559 1648 βέξη
582 1559 637 1626 καὶ
660 1560 775 1647 χερσὶν
799 1560 899 1647 ἑῇσιν.

146 1665 217 1735 ἀλλ’
243 1671 301 1754 ἀγε
324 1673 493 1755 πείρησαι,
516 1667 681 1734 σκέδασον
705 1663 736 1733 δ’
762 1668 826 1734 ἀπὸ
849 1669 952 1753 κήδεα
973 1675 1096 1753 θυμοῦ.

145 1774 199 1842 σολ
223 1773 254 1841 δ’
281 1776 358 1852 δδὸς
377 1773 487 1840 ούκέτι
506 1776 610 1861 δηρὸν
629 1773 821 1859 ἀπέσσεται,
844 1774 928 1840 ἀλλά
944 1797 997 1839 τοι
1015 1776 1079 1859 ἥδη
1105 1793 1157 1840 ιοο

145 1892 229 1967 νηῦς
250 1905 284 1948 τε
306 1885 516 1967 κατείρυσται
538 1878 593 1946 καλ
617 1878 770 1966 ἐπαρτέες
792 1879 879 1946 είσλν
901 1879 1057 1966 έταίροι.“

189 1989 249 2053 τὸν
267 1984 298 2052 δ’
321 1985 581 2070 ἀπαμειβόμενος
598 1983 751 2069 προσέφη
769 1987 951 2069 πολύμητις
967 1981 1156 2064 Ὀδυσσεύς.

146 2093 345 2176 ,,Λαοδάμα,
367 2095 403 2156 τί
421 2115 461 2176 με
483 2099 586 2156 ταῦτα
608 2092 756 2155 κελεύετε
778 2091 1022 2177 κερτομέοντες;

146 2200 247 2282 κηδεά
269 2223 326 2283 μοι
348 2194 403 2264 καὶ
426 2201 552 2282 μᾶλλον
575 2194 625 2262 ένλ
648 2193 769 2281 φρεσὶν
791 2197 813 2279 η
835 2218 896 2282 περ
920 2198 1053 2281 ἀεθλοι,

147 2305 183 2382 ὃς
205 2303 284 2391 πρὶν
303 2301 364 2389 μέν
381 2304 468 2388 μάλα
486 2303 592 2368 πολλά
609 2303 723 2367 πάθον
741 2301 796 2367 καὶ
814 2304 920 2368 πολλοὶ
937 2307 1081 2388 μόγησα,
1106 2322 1158 2370 ισο

146 2420 210 2476 νῦν
234 2407 270 2477 δὲ
292 2409 369 2495 μεθ’
394 2407 535 2495 ύμετέρη
558 2408 663 2494 ἀγορῇ
686 2411 819 2474 νόστοιο
842 2412 981 2493 χατίζων

102 2573 104 2576 .
148 2513 238 2601 ἧμαι,
262 2518 456 2601 λισσόμενος
478 2516 620 2598 βασιλῆά
643 2515 809 2579 τε·πάντα
831 2538 865 2580 τε
890 2517 1028 2600 δῆμον.“

191 2625 250 2688 τὸν
274 2618 304 2688 δ’
331 2618 402 2688 αὖτ’
429 2622 603 2708 Εὐρύαλος
627 2620 824 2704 ἀπαμείβετο
847 2621 976 2688 νείκεσέ
990 2617 1019 2686 τ’
1041 2623 1158 2706 ἀντην·

78 2729 82 2738 “
148 2731 212 2813 ,,ού
234 2731 297 2815 γάρ
321 2723 353 2794 σ’
379 2725 474 2810 οὐδέ,
498 2727 599 2809 ξείνε,
625 2728 768 2809 δαήμονι
791 2725 878 2811 φωτὶ
900 2726 998 2792 έίσκω

149 2837 279 2918 ἀθλων,
303 2825 357 2900 οἷά
379 2856 413 2898 τε
436 2833 543 2899 πολλά
566 2827 634 2916 μετ’
662 2831 872 2918 ἀνθρώποισι
894 2831 1064 2916 πέλονται,
1108 2849 1159 2900 ιοο

149 2941 231 3006 ἀλλὰ
254 2949 310 3029 τῷ,
334 2939 370 3016 ὅς
392 2933 429 3004 θ’
455 2939 522 3023 ἅμα
544 2937 600 3023 νηλ
622 2927 820 3023 πολυκλήιδι
841 2942 991 3023 θαμίζων

149 3047 248 3133 ἀρχὸς
271 3045 440 3128 ναυτάων,
464 3046 553 3110 οἵτε
575 3053 759 3130 πρηκτῆρες
781 3045 889 3127 ἔασιν,

8 3217 14 3233 ,
149 3157 276 3240 φόρτου
299 3176 333 3218 τε
356 3153 495 3237 μνήμων
516 3148 572 3216 καὶ
595 3149 772 3226 ἐπίσκοπος
794 3141 872 3235 ᾖσιν
895 3149 1018 3215 ὁδαίων

149 3258 293 3345 κερδέων
315 3256 352 3322 θ’
379 3255 565 3343 ἁρπαλέων·
589 3252 663 3321 οὐδ’
691 3255 855 3341 ἀθλητῆρι
879 3257 1017 3332 έοικας.“

193 3367 252 3431 τὸν
277 3360 307 3430 δ’
335 3359 386 3450 ἀρ’
412 3363 543 3449 ὑπόδρα
567 3363 649 3428 ίδών
672 3359 822 3448 προσέφη
846 3361 1027 3444 πολύμητις
1048 3355 1161 3426 Ὀδυσ-

574 3469 664 3545 σεύς·
1003 3504 1017 3523 ·
1109 3483 1160 3532 ιεε

150 3572 265 3662 ,,ξεϊν’,
289 3578 330 3642 οὐ
353 3578 456 3642 καλὸν
478 3577 595 3651 έειπες·
619 3573 796 3660 ἀτασθάλῳ
820 3569 919 3657 ἀνδρὶ
941 3574 1058 3646 ἔοικας.
