2642 3917
182 163 246 229 120
556 166 765 218 omnm:
783 166 818 220 ο.

179 307 277 392 δουρὶ
300 306 332 374 δ’
358 308 530 393 ἀκοντίζω,
553 308 635 375 ὅσον
657 308 719 374 οὐκ
742 310 841 388 ἀλλος
862 333 913 387 τις
934 309 1043 399 ὀιστῷ.

180 421 302 480 οίοισιν
324 415 472 480 δείδοικα
494 413 595 480 ποσὶν
616 418 662 499 μή
683 417 733 492 τίς
755 439 795 500 με
817 413 968 501 παρέλθη
1042 488 1048 499 ⁸
1137 433 1194 480 κιο
1302 490 1306 513 ⁴

182 524 353 605 Φαιήκων·
375 524 452 605 λίην
473 521 536 606 γδρ
560 521 728 598 ἀεικελίως
750 520 945 606 ἐδαμάσθην

162 628 324 712 κύμασιν
347 625 384 692 ἐν
406 631 556 710 πολλοῖς,
580 624 650 692 ἐπεὶ
674 627 716 692 ού
737 627 857 710 κομιδὴ
879 628 962 692 κατὰ
984 635 1049 711 νὴα

179 728 239 816 ἡεν
262 732 452 817 ἐπηετανός·
474 741 520 821 τῷ
544 755 601 817 μοι
624 735 708 818 φίλα
729 743 809 816 γυῖα
831 731 1017 798 λέλυνται.“

225 835 269 917 ὥς
291 836 406 925 ἔφαθ’,
430 839 466 905 οί
485 836 517 903 δ’
543 839 608 925 ἀρα
629 840 750 916 πάντες
772 838 857 922 ἀκὴν
879 838 1033 922 ἐγένοντο
1055 849 1172 926 σιωπῇ.

177 943 345 1022 Ἀλκίνοος
368 943 409 1010 δέ
427 968 486 1029 μιν
509 940 580 1022 οἶος
602 944 819 1030 ἀμειβόμενος
840 945 1048 1031 προσέειπεν·
1137 963 1191 1011 235

180 1049 296 1137 ,,ξείν’,
324 1048 393 1117 ἐπεὶ
417 1050 478 1116 οὐκ
501 1050 660 1137 ἀχάριστα
683 1045 760 1136 μεθ’
784 1051 865 1135 ἡμίν
886 1050 978 1116 ταῦτ’
1005 1051 1191 1138 ἀγορεύεις,

179 1156 251 1226 ἀλλ’
278 1156 405 1235 ἐθέλεις
427 1156 547 1243 ἀρετὴν
570 1157 634 1240 σὴν
656 1155 833 1242 φαινέμεν,
856 1157 877 1241 ἡ
900 1181 952 1222 τοι
975 1158 1105 1241 ὀπηδεῖ,
1143 1243 1146 1246 .

178 1267 356 1352 χωόμενος,
380 1263 431 1328 ότι
453 1260 485 1328 σ’
512 1255 610 1340 οὗτος
633 1263 718 1349 ἀνὴρ
741 1263 778 1328 έν
801 1264 905 1347 ἀγῶνι
927 1265 1095 1349 παραστάς

179 1375 341 1454 νείκεσεν,
364 1371 408 1446 ὡς
431 1368 473 1434 ἀν
496 1370 560 1453 σὴν
582 1370 704 1456 ἀρετὴν
726 1372 845 1455 βροτὸς
868 1371 909 1435 ού
932 1394 981 1447 τις
1004 1371 1131 1454 ὄνοιτο,

179 1478 216 1556 ὅς
238 1502 287 1554 τις
311 1475 476 1542 ἐπίσταιτο
500 1468 556 1562 ἡσι
579 1475 700 1564 φρεσίν
723 1479 819 1563 ἀρτια
841 1478 966 1562 βάζειν·
1137 1495 1191 1544 240

180 1581 253 1649 ἀλλ’
280 1584 338 1667 ἀγε
360 1591 425 1646 νῦν
448 1581 568 1666 ἐμέθεν
591 1581 697 1662 ξυνίει
720 1587 812 1667 ε’πος,
836 1584 925 1670 ὄφρα
947 1582 1002 1649 καί
1026 1585 1114 1674 ἀλλφ

179 1696 273 1775 είπης
294 1688 429 1773 ἡρώων,
453 1688 507 1754 ὅτε
529 1713 588 1754 κεν
610 1700 683 1767 σολς
705 1688 742 1755 ἐν
764 1690 959 1775 μεγάροισιν

180 1795 301 1880 δαινύῃ
323 1795 412 1880 παρὰ
434 1803 475 1880 σῇ
498 1791 527 1858 τ’
554 1794 662 1884 ἀλόχῳ
685 1793 741 1862 καὶ
764 1807 853 1862 σοίσι
875 1794 1039 1881 τέκεσσιν,

179 1900 336 1987 ἡμετέρης
359 1899 475 1985 ἀρετῆς
497 1899 718 1986 μεμνημένος,
741 1893 796 1967 οἷα
817 1900 874 1967 καὶ
894 1902 975 1987 ἡμίν

181 2011 266 2085 Ζεὺς
287 2004 341 2073 ἐπὶ
364 2009 444 2092 ἔργα
466 2009 582 2090 τίθησι
603 2004 780 2094 διαμπερὲς
803 2008 836 2088 ἐξ
859 2009 907 2074 ἔτι
928 2020 1070 2094 πατρῶν.
1140 2026 1191 2074 245
1303 1992 1306 2009 ⁸

173 2114 221 2180 ὀύ
244 2112 306 2199 γάρ
329 2113 495 2198 πυγμάχοι
518 2109 610 2197 είμδν
632 2113 799 2198 ἀμύμονες
822 2110 901 2179 οὐδέ
924 2117 1115 2197 παλαισταί,

180 2221 263 2286 ἀλλὰ
285 2217 364 2285 ποσί
385 2231 553 2306 κραιπνῶς
574 2218 700 2304 θέομεν
721 2218 777 2286 καὶ
799 2218 921 2304 νηυσὶν
943 2222 1084 2304 ἄριστοι·

180 2324 244 2392 αίεὶ
268 2320 298 2391 δ’
323 2325 403 2409 ἡμιν
427 2326 501 2402 δαίς
523 2349 557 2392 τε
581 2328 662 2412 φίλη
685 2327 819 2411 κίθαρίς
840 2349 876 2391 τε
898 2330 997 2410 χοροί
1015 2349 1050 2392 τε

180 2432 296 2518 εἵματά
317 2428 346 2496 τ’
373 2431 529 2515 ἐξημοιβὰ
552 2432 672 2516 λοετρά
693 2454 729 2497 τε
750 2433 861 2517 θερμά
883 2430 939 2497 καὶ
962 2432 1065 2498 εύναί.
1304 2502 1305 2525 ἦ

180 2535 252 2604 ἀλλ’
279 2537 353 2621 άγε,
380 2540 536 2621 Φαιήκων
558 2538 764 2624 βητάρμονες
786 2538 881 2603 ὅσσοι
904 2539 1048 2622 ἄριστοι,
1139 2555 1192 2604 250
1304 2532 1305 2569 ’

179 2647 332 2727 παίσατε,
355 2642 400 2719 ὥς
421 2639 452 2727 χ’
478 2642 496 2709 ὁ
520 2642 626 2723 ξεῖνος
649 2641 768 2729 ἐνίστη
791 2635 859 2709 οἷσι
883 2646 1033 2728 φίλοισιν
1304 2640 1305 2655 ’

181 2751 293 2816 οίκαδε
316 2751 494 2832 νοστήσας,
518 2748 620 2813 ὅσσον
643 2747 892 2833 περιγιγνόμεθ’
918 2751 1028 2815 ἀλλων

179 2857 332 2939 ναυτιλίη
354 2851 410 2920 καὶ
432 2851 532 2919 ποσσὶ
553 2851 609 2918 καὶ
632 2853 794 2939 ὀρχηστυῖ
812 2852 868 2920 καὶ
890 2853 996 2939 ἀοιδῇ.

180 2961 367 3047 Δημοδόκῳ
391 2957 431 3026 δέ
451 2983 501 3036 τις
523 2953 605 3036 αἶψα
627 2960 711 3024 κιὼν
734 2962 902 3044 φόρμιγγα
924 2963 1051 3043 λίγειαν

181 3063 313 3148 οίσέτω,
335 3065 356 3147 ἡ
379 3085 445 3131 που
466 3075 571 3130 κείται
594 3063 631 3130 ἐν
653 3063 840 3150 ἡμετέροισι
864 3066 1050 3150 δόμοισιν.“
1140 3084 1192 3134 μοι
1298 3137 1303 3147 ,

225 3167 270 3249 ὧς
292 3167 386 3258 ἔφατ’
408 3167 577 3248 ’Λλκίνοος
598 3173 802 3252 θεοείκελος,
826 3166 912 3254 ὦρτο
936 3167 973 3236 δὲ
994 3171 1099 3257 κῆρυξ

182 3283 284 3343 οίσων
307 3279 477 3363 φόρμιγγα
499 3275 678 3362 γλαφυρὴν
701 3277 807 3360 δόμου
831 3275 868 3342 ἐκ
890 3279 1055 3360 βασιλῆος.

181 3384 380 3466 αίσυμνηται
406 3377 443 3446 δέ
465 3379 573 3466 κριτοὶ
596 3379 693 3446 ἐννέα
714 3381 835 3458 πάντες
858 3380 1000 3448 ἀνέσταν

182 3487 306 3570 δὴμιοι,
330 3489 365 3551 οἳ
384 3479 456 3550 κατ’
483 3485 613 3568 ἀγῶνας
636 3485 674 3552 ἐδ
695 3488 905 3572 πρήσσεσκον
927 3485 1061 3553 ἕκαστα·
