2642 3917
198 169 240 234 ‘10
575 177 782 228 οΔΤΣΣειεΣ
800 180 831 230 Δ.

196 313 233 379 ἐκ
255 314 376 401 λεχέων
398 313 432 401 μ’
459 316 640 403 ἀνεγεῖραι,
664 318 876 402 ἐπιστάμεναι
898 319 990 402 σάφα
1011 324 1122 407 θυμῷ,
1153 335 1205 384 730

196 419 313 488 ὁππότ’
339 421 464 500 ἐκεῖνος
487 425 545 508 ἐβη
568 427 687 509 κοίλην
709 423 762 490 ἐπὶ
785 433 848 508 νῆα
871 424 1038 509 μέλαιναν.

196 531 228 594 εἰ
247 528 311 614 γδρ
334 528 398 612 ἐγὼ
420 531 579 614 πυθόμην
601 531 726 614 ταύτην
749 530 830 596 ὁδὸν
853 529 1068 617 ὁρμαίνοντα·

195 642 241 722 τῷ
263 658 299 701 κε
322 633 398 719 μάλ’
423 636 445 718 ἤ
467 659 526 702 κεν
548 638 654 719 ἔμεινε
677 634 733 701 καὶ
756 636 936 720 ἐσσύμενός
958 656 1020 720 περ
1044 635 1153 720 ὁδοῖο,

195 741 217 823 ἥ
238 739 278 806 κέ
298 764 337 826 με
359 747 562 825 τεθνηκυῖαν
585 739 636 808 ἐνί
658 742 854 828 μεγάροισιν
876 745 1012 807 ἔλειπεν.

196 846 279 912 ἀλλά
301 870 350 924 τις
373 848 520 932 ὀτρηρῶς
542 849 670 912 Δολίον
692 846 839 913 καλέσειε
860 846 1018 932 γέροντα,
1153 863 1204 913 735
1314 858 1315 867 ’

197 950 279 1036 δμῶ’
305 952 399 1037 ἐμόν,
423 953 463 1018 ὅν
485 976 541 1037 μοι
566 953 649 1018 δῶκε
671 955 778 1040 πατὴρ
802 956 850 1020 ἐτι
873 955 973 1036 δεῦρο
996 954 1131 1039 κιούσῃ,

196 1061 255 1124 καί
272 1082 328 1144 μοι
350 1068 457 1142 κῆπον
479 1061 544 1143 ἔχει
566 1057 828 1144 πολυδένδρεον,
852 1061 941 1144 ὄφρα
963 1060 1098 1142 τάχιστα

195 1163 325 1250 Λαέρτῃ
348 1166 426 1230 τάδε
449 1166 555 1230 πάντα
577 1168 797 1250 παρεζόμενος
819 1163 992 1250 καταλέξῃ,

195 1273 227 1336 εί
247 1272 289 1353 δή
311 1272 378 1335 πού
400 1294 474 1336 τινα
496 1281 605 1347 κεῖνος
628 1268 679 1336 ἐνὶ
701 1269 800 1356 φρεσὶ
824 1280 922 1355 μῆτιν
944 1270 1076 1354 ὑφήνας

195 1376 339 1456 ἐξελθὼν
362 1381 493 1442 λαοῖσιν
515 1376 685 1461 ὀδύρεται,
709 1380 745 1442 οἳ
764 1378 927 1461 μεμάασιν
1152 1393 1204 1442 '140

195 1483 235 1548 ὃν
256 1480 312 1548 καὶ
331 1481 510 1566 Ὀδυσσῆος
533 1489 655 1566 φθῖσαι
677 1485 780 1565 γόνον
803 1482 1005 1549 ἀντιθέοιο.“

238 1589 300 1672 τὴν
323 1585 353 1652 δ’
380 1583 457 1654 αὑτε
479 1587 653 1673 προσέειπε
677 1591 758 1673 φίλη
782 1589 905 1673 τροφὸς
927 1588 1128 1673 Εὐρύκλεια·

195 1695 332 1779 ,,νύμφα
355 1697 451 1777 φίλη,
475 1697 517 1760 σὺ
540 1690 601 1778 μέν
623 1694 665 1779 ἀρ
688 1718 728 1777 με
750 1694 930 1759 κατάκτανε
951 1693 1046 1777 νηλέι
1067 1698 1176 1781 χαλκῷ

194 1801 275 1884 ἣέα
298 1800 335 1866 ἐν
357 1800 502 1888 μεγάρςο·
535 1805 648 1883 μῦθον
671 1798 711 1864 δέ
730 1822 782 1865 τοι
805 1800 867 1865 οὐκ
890 1799 1059 1865 ἐπικεύσω.
1251 1807 1254 1810 ’

194 1903 264 1992 ᾔδε’
290 1905 353 1988 ἐγὼ
377 1907 455 1971 τάδε
477 1906 599 1988 πάντα,
622 1908 729 1991 πόρον
752 1905 792 1971 δέ
808 1906 856 1989 οί,
880 1906 963 1980 ὅσσα
981 1904 1131 1988 κέλευεν,
1152 1923 1203 1971 ⁷45

194 2023 288 2077 σῖτον
310 2009 365 2076 καὶ
388 2010 475 2094 μέθυ
497 2010 578 2094 ἡδύ·
610 2010 689 2095 ἐμεῦ
711 2009 742 2076 δ’
768 2010 859 2078 ἕλετο
882 2010 987 2096 μέγαν
1009 2012 1111 2097 ὅρκον

194 2119 238 2202 μὴ
261 2115 341 2203 πρὶν
364 2115 418 2182 σοὶ
442 2115 561 2202 ἐρέειν,
584 2114 665 2201 πρὶν
688 2118 877 2200 δωδεκάτην
899 2141 937 2200 γε
959 2117 1117 2201 γενέσθαι

194 2222 214 2307 ἢ
238 2220 270 2288 σ’
297 2223 401 2306 αὐτὴν
423 2221 566 2288 ποθέσαι
589 2220 645 2288 καὶ
667 2221 923 2308 ἀφορμηθέντος
946 2222 1101 2306 ἀκοῦσαι,

194 2329 239 2405 ὡς
262 2327 304 2394 ἀν
326 2330 370 2412 μη
393 2331 554 2394 κλαίουσα
575 2328 657 2394 κατὰ
679 2330 762 2412 χρόα
783 2330 886 2393 καλὸν
910 2329 1033 2412 ἰάπτῃς.

194 2431 265 2499 ἀλλ’
291 2433 518 2518 ὑδρηναμένη,
541 2435 674 2518 καθαρά
696 2436 774 2518 χροῒ
794 2431 906 2518 εἵμαθ’
933 2432 1069 2516 ἑλοῦσα,
1109 2507 1116 2521 ι
1151 2451 1203 2500 '160

193 2522 241 2617 έίς
262 2537 384 2628 ὑπερῷ’
411 2539 562 2622 ἀναβᾶσα
585 2542 649 2605 σὺν
672 2539 890 2624 ἀμφιπόλοισι
912 2538 1065 2622 γυναιξὶν

193 2643 278 2730 εὔχε’
301 2643 460 2730 Ἀθηναίῃ
488 2645 592 2730 κούρῃ
615 2647 700 2722 Διὸς
722 2647 899 2730 αἰγιόχοιο·

192 2751 213 2836 ἡ
235 2751 299 2836 γάρ
321 2750 379 2816 κέν
401 2775 458 2834 μιν
481 2753 591 2816 ἔπειτα
614 2748 669 2816 καὶ
691 2750 727 2815 ἐκ
748 2751 910 2817 θανάτοιο
933 2752 1068 2817 σαώσαι.

192 2853 275 2942 μηδέ
298 2855 438 2941 γέροντα
460 2857 565 2922 κάκου
586 2854 830 2940 κεκακωμένον·
862 2856 903 2922 ού
925 2858 989 2941 γάρ
1012 2857 1071 2922 ὀίω

192 2964 301 3047 πάγχυ
322 2968 417 3039 θεοῖς
439 2963 620 3047 μακάρεσσι
642 2961 748 3045 γονὴν
767 2959 992 3046 Ἀρκεισιάδαο
1150 2979 1201 3029 ‘156

192 3065 342 3153 ἔχθεσθ’,
367 3064 438 3132 ἀλλ’
465 3069 513 3134 ἔτι
535 3068 601 3132 πού
623 3090 674 3143 τις
697 3064 881 3150 ἐπέσσεται,
905 3067 941 3143 ὅς
963 3091 1021 3132 κεν
1044 3070 1157 3152 ἐχῃσιν

192 3174 326 3258 δώματά
349 3171 385 3238 θ’
411 3172 578 3260 ὑψερεφέα
600 3170 656 3238 καὶ
679 3172 848 3256 ἀπόπροθι
869 3175 987 3250 πίονας
1009 3173 1165 3258 ἀγρούς.“

237 3274 281 3357 ὥς
304 3280 405 3364 φάτο,
428 3288 486 3363 τῆς
509 3277 540 3344 δ’
567 3279 686 3362 εὔνησε
709 3281 806 3362 γόον,
830 3278 930 3363 σχέθε
949 3276 979 3344 δ’
1001 3280 1079 3345 όσσε
1097 3283 1200 3364 γόοιο.

191 3383 212 3468 η
236 3382 267 3450 δ’
293 3383 522 3469 ὑδρηναμένη,
545 3385 678 3469 καθαρά
700 3387 777 3469 χρολ
797 3383 909 3468 εἵμαθ’
935 3383 1057 3450 ἑλοῦσα

192 3490 239 3566 είς
261 3488 384 3578 ὑπερῷ’
411 3489 564 3575 ἀνέβαινε
588 3492 652 3556 σὺν
675 3490 894 3576 ἀμφιπόλοισι
915 3490 1085 3574 γυναιξίν,
1148 3509 1200 3558 σου
