2642 3917
520 171 728 224 ΟΔΤΣΣΕΙΔΣ
747 173 779 222 V.
1112 168 1153 233 87

148 321 227 396 νῆχε
251 307 282 378 δ’
309 312 519 397 ἐπειγόμενος
541 311 642 379 ποσὶν
665 313 805 398 ήπείρου
828 312 989 397 ἐπιβῆναι.

149 417 220 483 ἀλλ’
247 419 300 484 ὅτε
322 421 444 484 τόσσον
467 418 569 502 ἀπῆν,
593 420 696 485 ὅσσον
717 443 753 484 τε
775 416 899 502 γέγωνε
922 420 1060 503 βοήσας,
1105 434 1158 483 400

148 522 205 588 κοιλ
229 524 269 607 δή
295 525 422 590 δοῦπον
445 525 566 590 ἀκουσε
589 523 666 590 ποτὶ
688 525 884 589 σπιλάδεσσι
907 523 1093 606 θαλάσσης·

151 629 268 714 ῥόχθει
291 625 328 694 δέ
351 628 434 712 μέγα
456 638 543 714 κῦμα
565 628 641 695 ποτὶ
665 629 761 713 ξερὸν
783 629 934 713 ήπείροιο

150 736 262 801 δεινὸν
285 733 518 820 ἐρευγόμενον,
543 740 652 801 είλντο
677 732 714 801 δὲ
735 728 839 800 πάνθ’
866 733 944 811 ἀλδς
967 735 1064 819 ἄχνη·

150 840 277 926 οὐγὰρ
300 844 380 906 έσαν
403 840 531 926 λιμένες
553 853 645 926 νηῶν
668 843 755 926 ὀχοι,
779 835 853 906 οὐδ’
879 840 1031 923 ἐπιωγαί,

150 942 224 1012 ἀλλ’
251 944 345 1013 ἀκταὶ
368 951 549 1032 προβλῆτες
571 950 651 1013 έσαν
679 947 835 1023 σπιλάδες
852 970 888 1011 τε
905 947 1006 1028 πάγοι
1022 964 1073 1009 τε·
1107 960 1159 1009 ιοσ

150 1051 204 1118 καὶ
226 1047 294 1118 τότ’
318 1048 496 1136 Ὀδυσσῆος
519 1054 598 1120 λύτο
621 1054 769 1137 γούνατα
790 1050 846 1117 καὶ
869 1055 971 1136 φίλον
992 1046 1089 1136 ήτορ,
1140 1067 1144 1074 “

151 1159 300 1242 ὀχθήσας
323 1154 355 1224 δ’
382 1160 446 1244 ἀρα
469 1155 539 1224 εἷπε
562 1161 644 1244 πρὸς
667 1158 708 1223 ὃν
729 1159 937 1242 μεγαλήτορα
958 1160 1085 1240 θυμόν·

152 1267 200 1346 ,ἀι
224 1288 295 1348 μοι,
319 1262 390 1330 ἐπεὶ
412 1265 453 1348 δή
477 1274 576 1347 γαῖαν
598 1262 719 1330 ἀελπέα
743 1265 848 1328 δῶκεν
872 1261 1005 1328 ἰδέσθαι

153 1371 254 1454 Ζεύς,
276 1369 331 1436 καὶ
355 1371 396 1454 δή
419 1372 495 1436 τόδε
518 1374 638 1454 λαῖτμα
662 1370 839 1454 διατμήξας
862 1367 1019 1454 ἐπέρησα,

152 1480 283 1561 ἔκβασις
307 1478 348 1544 ού
370 1499 415 1562 πη
438 1471 573 1561 φαίνεθ’
600 1475 679 1552 ἀλός
700 1481 831 1541 πολιοῖο
852 1475 991 1560 θύραζε·
1107 1489 1160 1537 410

152 1586 311 1649 ἔκτοσθεν
334 1579 394 1667 μέν
416 1584 479 1667 γάρ
503 1583 603 1665 πάγοι
626 1580 730 1664 ὀξέες,
754 1578 839 1665 ἀμφὶ
862 1576 899 1645 δέ
921 1589 1008 1664 κῦμα

152 1688 313 1776 βέβρυχεν
337 1689 476 1774 ῥόθιον,
500 1688 596 1771 λισσή
621 1682 652 1752 δ’
679 1686 884 1772 ἀναδέδρομε
906 1684 1023 1771 πέτρη,

153 1794 337 1879 ἀγχιβαθής
361 1791 397 1860 δέ
419 1796 589 1875 θάλασσα,
611 1790 667 1859 καὶ
691 1794 732 1859 οὔ
754 1815 823 1870 πως
845 1795 915 1857 ἔστι
936 1793 1096 1857 πόδεσσιν

153 1903 311 1984 στήμεναι
334 1899 551 1985 ἀμφοτέροισι
573 1897 629 1965 καὶ
651 1897 826 1984 ἐκφυγέειν
847 1900 1022 1980 κακότητα·

153 2011 197 2092 μή
220 2008 289 2084 πώς
312 2001 345 2090 μ’
372 2005 566 2089 ἐκβαίνοντα
589 2007 674 2090 βάλη
698 2009 812 2069 λίθακι
835 2003 910 2069 ποτὶ
933 2002 1035 2087 πέτρη
1110 2018 1162 2067 416

153 2122 240 2197 κῦμα
263 2107 334 2197 μέγ’
361 2110 521 2198 ἁρπάξαν·
549 2109 646 2194 μελέη
671 2109 711 2175 δέ
730 2133 787 2193 μοι
810 2112 938 2175 ἔσσεται
961 2109 1055 2191 ὁρμή.

154 2221 186 2284 εί
207 2217 246 2284 δέ
266 2212 296 2283 κ’
322 2221 369 2283 έτι
392 2215 540 2301 προτέρω
563 2216 807 2299 παρανήξομαι,
830 2215 872 2296 ῆν
894 2237 961 2279 που
984 2215 1113 2299 ἐφεύρω

153 2325 268 2407 ἠιόνας
290 2347 325 2388 τε
347 2327 562 2408 παραπλῆγας
585 2320 719 2405 λιμένας
740 2343 776 2385 τε
798 2321 985 2404 θαλάσσης,

154 2431 270 2511 δείδω,
293 2432 336 2512 μῆ
360 2422 393 2511 μ’
420 2427 546 2507 ἐξαῦτις
569 2427 783 2512 ἀναρπάξασα
804 2427 933 2492 θύελλα

154 2538 278 2602 πόντον
301 2529 351 2600 ἐπ’
379 2536 556 2618 ἰχθυόεντα
579 2533 665 2618 φέρη
687 2531 791 2619 βαρέα
813 2533 1029 2616 στενάχοντα,
1110 2550 1162 2599 420

154 2641 195 2726 ῆέ
215 2645 250 2706 τί
269 2666 326 2725 μοι
347 2639 403 2706 καὶ
424 2649 523 2722 κῆτος
545 2640 703 2724 ἐπισσεύῃ
725 2637 809 2722 μέγα
832 2640 960 2722 δαίμων

156 2749 188 2828 έξ
212 2747 304 2830 ἀλός,
328 2740 383 2812 οἶά
405 2769 439 2812 τε
463 2747 568 2811 πολλὰ
590 2744 705 2831 τρέφει
726 2747 845 2822 κλυτὸς
865 2739 1070 2830 Ἀμφιτρίτη·

156 2851 231 2920 οἶδα
254 2854 332 2938 γάρ,
356 2853 400 2929 ὥς
422 2876 479 2936 μοι
502 2852 689 2917 ὀδώδυσται
711 2852 829 2927 κλυτὸς
851 2850 1089 2934 έννοσίγαιος.“

200 2951 267 3036 εἷος
289 2958 308 3025 ὀ
330 2953 428 3024 ταῦθ’
454 2959 598 3042 ὥρμαινε
620 2958 702 3022 κατὰ
725 2956 832 3040 φρένα
853 2954 909 3021 καὶ
931 2957 1013 3021 κατὰ
1034 2959 1162 3042 θυμόν,

155 3069 263 3150 τόφρα
286 3063 325 3130 δέ
345 3088 403 3147 μιν
425 3063 508 3148 μέγα
530 3072 617 3146 κῦμα
635 3061 716 3148 φέρε
733 3073 888 3148 τρηχεῖαν
906 3055 956 3127 ἐπ’
977 3061 1088 3147 ἀκτήν.
1111 3080 1162 3129 425

156 3173 240 3236 ἔνθα
263 3165 293 3235 κ’
320 3169 384 3235 ἀπὸ
408 3169 522 3254 ῥινοὺς
546 3169 700 3253 δρύφθη,
724 3171 787 3234 σὺν
812 3163 842 3233 δ’
868 3161 955 3234 ὀστέ’
981 3168 1127 3253 ἀράχθη,

156 3278 188 3342 εί
209 3277 252 3360 μή
277 3275 330 3342 ἐπὶ
353 3272 452 3360 φρεσὶ
474 3280 558 3358 θῆκε
581 3275 660 3356 θεά,
684 3278 871 3356 γλαυκῶπις
891 3267 1030 3357 Ἀθήνη·

157 3380 360 3466 ἀμφοτέρῃσι
384 3377 420 3446 δέ
443 3378 555 3466 χερσὶν
579 3380 799 3463 ἐπεσσύμενος
821 3379 900 3462 λάβε
923 3377 1057 3462 πέτρης,

155 3497 213 3570 τῆς
236 3489 325 3572 ἔχετο
349 3487 530 3570 στενάχων,
554 3487 629 3562 είως
651 3484 735 3569 μέγα
756 3493 844 3567 κῦμα
866 3487 1047 3568 παρῆλθεν.
