2642 3917
482 179 690 232 ΟΔΤΣΣΕΙΑΣ
707 182 767 234 XII.
1061 181 1125 246 203

122 318 197 384 ἀλλ”
218 320 271 384 ὅτε
295 320 336 403 δή
360 319 504 405 ἕβδομον
526 316 613 407 ήμαρ
637 320 691 387 ἐπὶ
715 326 799 400 Ζεὺς
820 329 904 406 θῆκε
927 326 1097 409 Κρονίων,

120 423 175 490 καὶ
192 423 259 491 τότ’
282 424 379 492 ἔπειτ’
401 427 520 510 ἀνεμος
538 423 599 511 μὲν
613 426 777 494 ἐπαύσατο
791 432 926 494 λαίλαπι
938 431 1050 512 βόων,
1073 448 1126 495 400

120 531 213 615 ἡμεῖς
235 530 267 597 δ’
292 527 362 609 αἶψ’
389 532 569 616 ἀναβάντες
591 531 753 617 ἐνήκαμεν
775 533 864 619 εὐρέι
886 537 1011 623 πόντῳ,

122 622 213 702 ίστὸν
236 637 434 721 στησάμενοι
458 637 521 702 ἀνά
543 635 580 702 θ’
606 639 694 704 ίστία
717 637 806 705 λεύκ’
832 639 1016 727 ἐρύσαντες.

122 741 192 807 ἀλλ’
219 743 271 807 ὅτε
296 744 337 826 ὀή
360 744 421 826 τήν
444 752 548 826 νῆσον
572 743 758 829 ἐλείπομεν,
782 744 864 811 οάὀέ
883 769 932 822 τις
955 746 1038 829 άλλη

121 852 257 932 φαίνετο
281 849 425 931 γαιάων,
450 849 522 914 ἀλλ’
547 849 689 934 οὐρανὸς
711 846 771 933 ήὸἐ
792 852 962 933 θάλασσα,

122 955 163 1037 δή
186 956 259 1019 τότε
281 953 425 1037 κυανέην
448 952 592 1038 νεφέλην
614 957 729 1038 ἔστησε
752 958 910 1041 Κρονίων
1073 971 1125 1020 406

121 1061 199 1142 νηὸς
222 1057 305 1143 ὕπερ
328 1044 514 1144 γλαφυρῆς,
537 1060 659 1145 ἤχλυσε
684 1057 720 1126 δέ
742 1063 863 1139 πόντος
885 1057 941 1125 ὑπ’
968 1059 1077 1142 αάιῆς.

120 1163 140 1246 ή
161 1159 191 1228 δ’
212 1167 283 1228 ἐθει
302 1164 343 1228 οὐ
361 1165 447 1247 μάλα
464 1167 589 1230 πολλὸν
608 1164 661 1230 ἐπὶ
681 1169 816 1252 χρόνον·
840 1162 922 1243 αἶγα
940 1166 1002 1252 γάρ
1021 1161 1127 1248 ήλάεν

120 1269 284 1352 κεκληγὼς
308 1267 460 1354 Ζέφυρος
480 1271 605 1354 μεγάλη
628 1274 693 1335 σὺν
715 1275 848 1336 λαίλαπι
869 1271 982 1354 θύων,

122 1374 215 1438 ίστοῦ
239 1369 275 1438 δὲ
298 1375 480 1458 προτόνους
503 1373 610 1460 ἔρρηξ’
637 1374 771 1459 ἀνέμοιο
793 1378 920 1441 θύελλα

122 1477 342 1563 ἀμφοτέρους·
367 1479 455 1555 ἱστὸς
478 1477 508 1545 δ’
530 1479 634 1545 ὀπίσω
653 1479 767 1563 πέσεν,
790 1481 874 1546 ὅπλα
891 1504 926 1546 τε
944 1482 1051 1547 πάντα
1073 1498 1145 1547 κιο

121 1587 168 1660 είς
190 1586 312 1649 ἀντλον
333 1583 522 1669 κατέχυνθ’.
567 1585 585 1651 ὁ
609 1583 640 1651 δ’
668 1588 731 1671 ἀρα
753 1596 886 1672 πρυμνῆ
910 1585 960 1652 ένλ
982 1585 1038 1670 νηλ

121 1691 220 1774 πλῆξε
242 1693 448 1776 κυβερνήτεω
471 1693 633 1776 κεφαλήν,
658 1695 722 1757 σὺν
745 1690 776 1757 δ’
802 1691 888 1758 ὀστέ’
914 1691 1034 1778 ἀραξευ

121 1793 216 1859 πάντ’
243 1796 362 1878 ἀμυόις
384 1800 541 1880 κεφαλῆς·
564 1796 582 1862 ὁ
607 1793 638 1862 β’
664 1795 716 1883 ἀρ’
743 1797 918 1883 ἀρνευτῆρι
941 1797 1055 1875 ἐοικὼς

120 1897 257 1965 κάππεσ’
280 1899 334 1966 ἀπ’
361 1903 523 1987 ίκριόφιν,
548 1907 620 1968 λίπε
644 1901 675 1968 δ’
702 1901 798 1969 ὀστέα
819 1905 929 1987 θυμὸς
952 1904 1094 1990 ἀγήνωρ.

122 2010 205 2082 Ζεὺς
224 2005 254 2070 δ’
277 2008 395 2089 ἀμυόις
413 2009 575 2091 βρόντησε
593 2007 648 2074 καλ
667 2011 786 2092 ἐμβαλε
804 2008 861 2092 νηὶ
878 2013 1055 2095 κεραυνόν·
1073 2028 1125 2076 416

121 2110 141 2193 ή
165 2106 197 2175 δ’
221 2109 374 2194 ἐλελίχθη
397 2121 485 2177 πᾶσα
512 2114 595 2190 Διὸς
617 2119 778 2196 πληγεῖσα
799 2124 964 2203 κεραυνῷ,

121 2215 159 2280 ἐν
181 2211 218 2280 δὲ
240 2219 355 2281 θεείου
377 2222 495 2300 πλῆτο,
518 2217 621 2283 πέσον
644 2214 675 2283 δ’
700 2218 737 2284 ἐκ
757 2221 838 2302 νηὸς
860 2218 993 2306 ἑταῖροι.

123 2323 159 2386 ολ
179 2317 216 2386 δέ
238 2322 424 2406 κορώνηοιν
448 2329 550 2388 ίκελοι
572 2323 647 2409 περὶ
669 2332 734 2407 νῆα
756 2323 914 2408 μέλαιναν

122 2428 264 2510 κύμασιν
287 2424 504 2512 ἐμφορέοντο,
527 2430 607 2506 θεὸς
629 2424 660 2494 δ’
687 2429 866 2496 ἀποαίνυτο
888 2433 1017 2497 νόστον.

166 2532 269 2616 αὐτάρ
293 2530 356 2616 ἐγὼ
380 2532 435 2597 ὀιά
457 2535 538 2616 νηὸς
556 2532 715 2618 ἐφοίτων,
738 2533 816 2620 ὄφρ’
838 2535 901 2600 ἀπὸ
919 2539 1051 2620 τοίχους
1073 2555 1125 2602 420

122 2641 201 2701 λῦσε
224 2637 356 2702 κλόόων
378 2639 526 2721 τρόπιος,
549 2639 611 2723 τήν
634 2635 671 2704 δέ
693 2640 795 2722 ψιλήν
818 2639 899 2725 φέρε
920 2650 1023 2725 κῦμα,

122 2742 157 2805 ἐκ
180 2741 219 2806 ὀέ
239 2743 275 2807 οί
295 2743 387 2808 ἱστὸν
410 2742 507 2829 άραξε
530 2742 605 2809 ποτλ
626 2746 752 2828 τρόπιν.
798 2745 902 2831 αὐτὰρ
926 2741 976 2811 ἐπ’
1001 2748 1089 2837 αὐτῷ

122 2845 271 2922 ἐπίτονος
293 2847 447 2931 βέβλητο,
470 2850 547 2931 βοὸς
570 2849 677 2935 ῥινοῖο
699 2851 870 2934 τετευχώς·

121 2959 166 3037 τῷ
190 2945 223 3034 β’
248 2952 346 3036 ἀμφω
369 2952 563 3038 συνέεργον,
587 2954 671 3038 ὁμοῦ
692 2957 810 3041 τρόπιν
832 2952 891 3039 ήόἐ
912 2956 968 3023 καὶ
992 2959 1097 3042 ἱστόν,

122 3054 271 3138 ἑζόμενος
294 3052 325 3122 δ’
351 3056 403 3123 ἐπὶ
424 3069 494 3134 τοῖς
516 3062 667 3145 φερόμην
689 3061 799 3137 ὀλοοῖς
821 3060 1000 3145 ἀνέμοισιν.
1072 3081 1123 3129 425

165 3158 238 3225 ἐνθ’
263 3157 283 3245 ἦ
306 3186 358 3228 τοι
380 3162 533 3248 Ζέφυρος
555 3161 615 3249 μέν
638 3165 801 3232 ἐπαύσατο
825 3170 958 3231 λαίλαπι
979 3170 1090 3251 θύων,

121 3262 204 3348 ἦλθε
228 3265 258 3332 δ’
284 3266 337 3332 ἐπὶ
359 3271 469 3345 Νότος
492 3265 574 3352 ὦκα,
597 3269 711 3356 φέρων
733 3269 799 3359 ἐμῷ
821 3272 922 3354 άλγεα
943 3277 1057 3361 θυμῷ,

121 3371 198 3457 ὄφρ’
224 3375 271 3438 ἐτι
293 3374 354 3456 τήν
377 3373 478 3457 ὀλοήν
501 3373 758 3460 ἀναμετρήσαιμι
780 3377 960 3460 Χάρυβδιν.

121 3479 301 3563 παννύχιος
323 3481 488 3564 φερόμην,
511 3479 577 3563 ἀμα
601 3479 630 3545 δ’
656 3481 755 3569 ήελίφ
779 3481 905 3547 ἀνιόντι
