2642 3917
531 204 733 261 SUMMARIA.
1097 201 1133 255 Xl

124 374 215 434 caede
238 376 269 433 et
291 373 415 433 laudato
436 372 548 451 Oreste,
568 373 686 432 sceleris
704 373 811 449 ultore,
830 372 970 431 hortatur
987 373 1135 446 utquam

125 462 257 539 primum
284 464 391 540 pergat
414 463 452 521 ad
470 462 639 521 Menelaum
662 480 760 537 nuper
785 480 820 520 ex
847 460 1011 538 longinquo
1039 477 1136 517 errore

6 554 13 593 i
125 568 278 610 reversum
298 542 513 631 (201-328).
549 550 597 609 Ad
615 568 778 627 vesperam,
802 551 966 625 antequam
983 548 1015 606 in
1032 547 1137 606 urbam

126 639 253 698 redeunt
275 638 368 716 Pylii,
397 638 461 697 abit
487 638 633 716 Minerva,
663 658 755 714 quam
781 637 814 696 in
841 638 972 696 discessu
1002 635 1137 715 agnitam

127 730 289 787 veneratur
311 728 421 787 Nestor
443 729 474 786 et
495 727 624 787 utulam
649 727 721 786 deae
744 726 972 785 imm01aturum
994 743 1025 783 se
1047 724 1138 784 vovet

6 839 14 879 ¹‹
128 808 343 897 (aaa-394).
389 815 437 874 Ita
460 815 655 874 Telemachus
683 815 714 873 in
742 813 829 874 aedes
853 813 989 873 Nestoris
1016 812 1138 871 ducitur

129 906 160 963 et
187 904 229 963 ibi
258 906 416 981 pernoctat
443 896 657 984 (aaa-403).
703 904 791 961 Mane
818 902 961 978 postridie
988 901 1019 959 in
1049 901 1136 959 domo

128 992 208 1070 regis
239 992 393 1068 privatum
420 1010 539 1051 sacrum
565 990 600 1049 fit
628 991 793 1068 Minervae,
822 1010 881 1067 quo
909 992 1030 1067 peracto
1054 988 1137 1047 Tele-

129 1081 253 1141 machus
273 1100 341 1139 cum
356 1080 524 1158 Pisistrato,
542 1080 679 1139 Nestoris
692 1080 764 1157 filio,
779 1098 868 1138 curru
882 1078 1036 1138 contendit
1048 1076 1137 1153 Spar-

130 1172 195 1228 tam
220 1161 434 1249 (404—485).
484 1169 580 1227 Nocte
607 1168 743 1243 proxima
770 1168 852 1243 apud
878 1167 1026 1244 Dioclem,
1058 1164 1137 1241 prin·

130 1258 227 1333 cipem
244 1257 458 1335 Pheraeorum,
482 1256 630 1316 deversati
653 1258 750 1315 altera
773 1256 913 1331 Spartam
935 1255 1139 1331 pervehuntur

131 1338 345 1426 (esa—497).
607 1426 623 1491 Ι

198 1522 351 1581 Menelaus
383 1522 505 1597 nuptias
537 1520 668 1581 filiorum
695 1520 838 1598 celebrat,
871 1539 939 1579 cum
967 1519 1006 1578 ad
1037 1520 1139 1577 aulam

132 1610 197 1670 eius
216 1611 361 1669 accedunt
378 1610 573 1669 Telemachus
592 1612 622 1669 et
638 1609 830 1684 Pisistratus,
849 1608 958 1685 quibus
975 1607 1139 1667 liberaliter

8 1755 12 1759 .
131 1698 262 1774 hospitio
291 1698 428 1758 invitatis
455 1700 561 1774 epulae
589 1699 783 1773 apponuntur
810 1691 957 1777 (1—67).
1004 1694 1079 1754 (lum
1101 1694 1139 1752 iis
1213 1730 1226 1749 ,.

134 1805 224 1863 super
246 1806 350 1846 cenam
374 1804 538 1846 sermonem
561 1786 677 1845 confert
689 1786 851 1862 Menelaus,
870 1804 929 1845 non
948 1784 1011 1843 sine
1029 1784 1139 1843 blanda

133 1875 283 1934 mentione
301 1874 410 1952 Ulixis,
434 1894 511 1951 quae
537 1874 642 1933 statim
660 1872 774 1951 detegit
790 1872 899 1950 filium,
923 1892 1013 1949 quern
1032 1874 1062 1930 et
1079 1872 1138 1931 He·

7 2022 13 2050 ,
133 1964 203 2023 lena
215 1963 331 2021 intrans
346 1963 482 2041 agnoscit
496 1954 689 2044 (aa-154).
714 1962 784 2020 Mox
796 1961 854 2020 viri
868 1960 1012 2019 desiderio
1027 1960 1139 2019 affectis

134 2051 272 2111 omnibus
292 2051 432 2111 lacrimae
456 2051 645 2125 oboriuntur,
669 2050 720 2109 sed
743 2069 846 2109 earum
868 2049 1031 2108 remedium
1055 2049 1140 2108 affert

134 2140 262 2215 Helena,
290 2158 367 2216 quae
395 2158 464 2198 cum
486 2139 620 2199 Menelao
644 2138 682 2197 ad
710 2157 847 2198 somnum
874 2156 970 2213 usque
998 2137 1140 2213 temporis

135 2228 216 2305 apud
247 2227 339 2286 llium
371 2228 431 2287 acti
463 2230 493 2286 et
523 2227 674 2286 virtutum
699 2226 796 2285 Ulixis
826 2225 1001 2285 memoriam
1031 2225 1141 2301 repetit

135 2309 350 2398 (155-305).
390 2316 512 2375 Postero
540 2315 587 2373 die
615 2314 818 2375 calamitatem
841 2314 947 2374 domus
974 2331 1046 2373 suae
1069 2333 1140 2389 que-

134 2404 213 2464 renti
241 2404 416 2463 Telemacho
449 2406 480 2462 et
510 2403 605 2479 patris
635 2404 788 2463 fortunam
819 2402 1007 2478 percontanti
1038 2404 1142 2461 narrat

135 2493 288 2553 Menelaus
307 2492 343 2551 de
362 2492 510 2551 erroribus
529 2491 599 2569 suia,
618 2494 649 2551 et
663 2491 735 2567 quid
749 2491 808 2567 ipsi
821 2490 1006 2567 responderit
1021 2491 1140 2568 Aegyp-

135 2582 197 2640 tius
220 2581 347 2640 Proteus
370 2580 406 2639 de
433 2580 551 2639 casibus
576 2579 767 2639 redeuntium
788 2579 983 2656 Achivorum,
1006 2579 1141 2639 nomina-

135 2670 192 2729 tim
204 2668 305 2728 Aiacis
326 2668 482 2729 Locrensis
507 2672 537 2727 et
555 2668 796 2747 Agamemnonis,
820 2670 911 2744 atque
933 2668 969 2727 de
990 2667 1087 2727 Ulixis
1109 2667 1141 2725 in

135 2758 235 2816 insula
263 2756 410 2833 Calypsus
442 2757 686 2832 commoratione,
719 2756 847 2832 denique
879 2756 1074 2833 adulescenti,
1105 2758 1142 2813 ut

135 2846 255 2925 longius
282 2844 408 2921 Spartae
435 2847 570 2922 maneat,
596 2847 702 2923 rogato
730 2864 854 2903 munera
881 2844 1043 2920 hospitalia
1073 2864 1140 2920 pro·

136 2934 232 2993 mittit
255 2924 468 3013 (306-619).
504 2933 623 2992 Interea
649 2932 744 3010 proci,
771 2936 808 2990 ut
831 2932 999 2991 Telemachi
1025 2933 1141 2992 abitum

136 3024 357 3099 compererunt,
387 3021 422 3080 de
445 3020 560 3079 insidiis
587 3021 749 3081 revertenti
775 3020 908 3080 locandis
932 3020 1056 3080 consilia
1078 3020 1141 3099 agi-

135 3113 212 3190 tant,
230 3130 307 3187 quae
321 3110 428 3169 Medon
447 3112 569 3185 excepta
588 3109 686 3185 aperit
702 3109 882 3186 Penelopae,
902 3109 999 3170 adhuc
1018 3108 1141 3187 ignarae

135 3198 327 3276 profectionis
355 3195 568 3274 (cao—714).
609 3197 732 3255 Afflicta
759 3198 815 3257 hoc
842 3197 947 3257 nuntio
971 3198 1076 3275 regina
1098 3198 1140 3256 la·

136 3290 300 3364 mentatur3
327 3286 396 3346 dein
422 3288 544 3362 precata
571 3286 737 3345 Minervam
764 3285 864 3345 divino
893 3285 1006 3345 somnio
1037 3285 1140 3345 confir-

136 3379 237 3435 matur
257 3395 311 3452 per
334 3374 466 3451 quietem
488 3374 583 3433 noctis
606 3373 684 3451 eiuS,
712 3392 774 3450 qua
800 3372 907 3431 delecti
928 3392 1087 3449 procorum
1109 3373 1141 3430 in

135 3464 303 3525 Asteridem
335 3463 465 3521 insulam
496 3462 654 3539 navigant,
686 3464 723 3520 ut
750 3460 848 3520 caedis
876 3461 1034 3519 consilium
1061 3479 1141 3521 exse·

135 3556 269 3631 quantur
287 3542 500 3631 (715-847).
