2642 3917
520 216 728 269 ΟΔΤΣΣΕΙΔΣ
747 219 783 271 11.
898 296 902 302 .

145 356 379 441 Μαστορίδης·
402 356 421 422 ό
443 358 506 442 γάρ
531 353 601 436 οἶος
623 358 798 444 ὁμηλικίην
821 360 976 430 ἐκέκαστο

145 460 286 543 ὄρνιθας
307 473 434 545 γνῶναι
456 462 511 529 καὶ
535 462 688 550 ἐναίσιμα
710 469 945 550 μυθήσασθαι·

145 564 164 629 ό
187 581 269 650 σφιν
292 565 330 633 ἐὺ
350 567 505 655 φρονέων
529 569 715 655 ἀγορήσατο
737 571 793 638 καὶ
815 571 998 657 μετέειπεν·
1106 593 1158 644 ιοο

145 668 301 753 ,κέκλυτε
325 674 366 757 δὴ
388 682 454 739 νῦν
476 698 553 759 μευ,
574 673 771 761 Ἰθακήσιοι,
795 678 864 744 ὄττι
885 702 945 745 κεν
966 686 1064 749 είπω·

145 787 350 865 μνηστῆρσιν
373 776 411 846 δὲ
433 782 573 865 μάλιστα
596 786 866 868 πιφαυσκόμενος
887 786 965 851 τάδε
989 794 1081 874 είρω·

144 894 252 949 τοῖσιν
274 886 337 971 γάρ
360 884 443 971 μέγα
466 896 557 971 πῆμα
579 890 782 955 κυλίνδεται·
804 890 846 957 ού
869 893 933 976 γάρ
952 890 1130 971 Ὀδυσσεὺς

144 990 209 1075 δὴν
231 989 401 1058 ἀπάνευθε
424 995 533 1077 φίλων
555 988 603 1059 ὧν
626 996 771 1078 ἔσσεται,
794 994 879 1062 ἀλλά
899 1019 967 1063 που
988 1000 1053 1084 ῆδη

145 1094 243 1179 ἐγγύς
266 1096 330 1162 ἐὼν
351 1100 519 1164 τοῖσδεσσι
543 1102 652 1184 φόνον
673 1100 729 1167 καὶ
751 1110 836 1187 κῆρα
858 1105 995 1187 φυτεύει
1105 1122 1155 1172 166

144 1204 337 1269 πάντεσσιν·
359 1204 497 1270 πολέσιν
519 1202 557 1271 δὲ
579 1205 635 1272 καὶ
657 1208 809 1273 ἄλλοισιν
830 1210 932 1275 κακὸν
955 1212 1061 1294 ἐσται,

145 1312 181 1373 οἳ
200 1308 379 1394 νεμόμεσθ’
403 1308 537 1396 Ἰθάκην
560 1310 737 1378 ἐυδείελον.
765 1312 849 1378 ἀλλὰ
869 1318 956 1381 πολύ
978 1315 1058 1400 πρὶν

145 1414 371 1499 φραζώμεσθ’,
394 1417 439 1494 ὥς
461 1441 519 1483 κεν
540 1419 807 1504 καταπαύσομεν·
831 1420 867 1485 οί
887 1417 923 1487 δέ
946 1420 1001 1487 καὶ
1023 1420 1119 1488 αὐτοὶ

144 1518 340 1586 παυέσθων·
361 1521 416 1588 καὶ
439 1524 502 1608 γάρ
526 1540 609 1608 σφιν
631 1526 721 1609 ἀφαρ
744 1525 819 1589 τόδε
843 1526 945 1592 λύιόν
968 1526 1065 1593 ἐστιν.

145 1626 273 1713 οὐγὰρ
296 1628 470 1715 ἀπείρητος
493 1631 711 1715 μαντεύομαι,
734 1628 806 1696 ἀλλ’
833 1630 871 1697 ἐι)
894 1634 1005 1712 εἰδώς·
1104 1651 1155 1700 170

144 1732 284 1820 καὶγὰρ
308 1738 406 1823 κείνῳ
429 1735 515 1821 φημὶ
537 1741 776 1820 τελευτηθῆναι
799 1738 942 1822 ἅπαντα,

145 1839 191 1915 ὥς
212 1840 248 1905 οί
268 1838 472 1926 ἐμυθεόμην,
496 1841 669 1908 ὅτεἽλιον
691 1841 921 1927 εἰσανέβαινον

143 1944 299 2031 Ἀργεῖοι,
323 1948 403 2030 μετά
426 1946 466 2012 δέ
487 1963 569 2031 σφιν
592 1950 650 2032 ἐβη
673 1948 856 2032 πολύμητις
874 1947 1059 2025 Ὀδυσσεύς.

146 2062 216 2137 φῆν
228 2055 311 2119 κακά
324 2055 430 2119 πολλὰ
443 2050 600 2136 παθόντ’,
614 2052 763 2119 ὀλέσαντ’
786 2056 850 2120 άπο
864 2056 989 2131 πάντας
1005 2052 1156 2140 ἑταίρους

146 2159 317 2241 ἄγνωστον
340 2161 519 2226 πάντεσσιν
542 2157 694 2247 ἐεικοστῷ
718 2158 857 2249 ἐνιαυτῷ
1105 2178 1154 2227 176

146 2262 253 2329 οἴκαδ’
279 2266 489 2331 ἐλεύσεσθαι·
511 2265 552 2329 τά
574 2261 611 2330 δέ
635 2266 677 2349 δὴ
699 2274 765 2330 νῦν
780 2266 894 2331 ,πάντα
916 2268 1088 2331 τελείται.“

190 2368 300 2435 τόνδ’
323 2365 396 2436 αὖτ’
418 2370 617 2457 Εὐρύμαχος
636 2372 797 2454 Πολύβου
818 2372 896 2446 πάις
918 2370 1033 2436 ἀντίον
1054 2374 1155 2455 ηὔδα·

146 2472 196 2559 ,,οἰ
219 2474 333 2562 γέρον,
356 2474 440 2563 τίδ’
467 2477 526 2559 ἄγε
547 2484 612 2541 νῦν
634 2476 794 2561 μαντεύεο
817 2487 907 2542 σοῖσι
927 2475 1076 2543 τέκεσσιν

147 2579 253 2648 οἴκαδ’
282 2582 357 2664 ίών,
380 2583 425 2666 μῆ
447 2582 514 2647 πού
535 2604 567 2647 τι
590 2582 692 2647 κακὸν
714 2583 885 2666 πάσχωσιν
908 2580 1048 2648 ὀπίσσω·

146 2697 249 2754 ταῦτα
273 2684 303 2752 δ’
329 2686 393 2770 ἐγὼ
415 2686 473 2753 ,σέο
498 2689 623 2753 πολλὸν
646 2687 791 2771 ἀμείνων
812 2688 1044 2772 μαντεύεσθαι.
1104 2706 1156 2755 180

147 2798 282 2880 ὄρνιθες
305 2792 344 2858 δέ
364 2816 398 2859 τε
420 2791 539 2858 πολλοὶ
561 2790 618 2857 ὑπ’
644 2793 748 2875 αύγάς
770 2793 894 2875 ῆελίοιο

148 2898 300 2985 φοιτῶσ’,
323 2898 405 2965 οὐδέ
424 2922 459 2964 τε
482 2899 602 2975 πάντες
625 2897 803 2983 ἐναίσιμοι·
826 2899 930 2983 αὐτὰρ
951 2896 1126 2979 Ὀδυσσεὺς

147 3009 249 3073 δελετο
272 3002 356 3089 τῆλ’,
380 3004 425 3081 ὡς
446 3002 502 3070 καὶ
524 3006 567 3070 σὺ
589 3007 820 3089 καταφθίσθαι
843 3008 907 3070 σὺν
930 3005 1044 3094 ἐκείνῳ

148 3114 286 3197 ι’ύφελες·
309 3110 370 3175 οὐκ
393 3108 434 3173 ἀν
457 3111 559 3175 τόσσα
581 3107 798 3194 θεοπροπέων
821 3108 991 3194 ἀγόρευες,

148 3217 230 3285 οὐδέ
250 3241 285 3283 κε
312 3215 502 3300 Τηλέμαχον
525 3214 752 3299 κεχολωμένον
775 3210 833 3281 ὧδ’
860 3215 999 3299 ἀνιείης,
1105 3233 1154 3282 185

149 3334 196 3415 σῷ
219 3330 298 3412 οἴκῳ
322 3323 432 3406 δῶρον
454 3320 702 3406 ποτιδέγμενος,
726 3327 765 3387 αί
782 3345 819 3387 κε
840 3324 995 3407 πόρῃσιν.

149 3429 219 3497 ἀλλ’
247 3432 356 3495 ἕκτοι
380 3427 475 3513 ἐρέω,
498 3429 536 3493 τὸ
559 3424 596 3493 δὲ
618 3426 674 3493 καὶ
696 3425 926 3511 τετελεσμένον
945 3430 1048 3492 ἔσται·

149 3542 187 3603 αί
205 3559 241 3601 κε
264 3534 427 3619 νεώτερον
450 3533 556 3618 ἀνδρα
578 3534 700 3597 παλαιά
723 3556 757 3597 τε
780 3533 886 3598 πολλά
908 3555 942 3597 τε
965 3534 1061 3606 εἰδὼς
