2642 3917
179 191 239 255 102
551 193 759 244 ΟΔΤΣΣΕῙΑΣ
777 193 811 242 Η.

175 335 378 422 ἀνθρώπων,
402 338 438 402 οἳ
457 337 555 419 τήνδε
578 337 677 402 πόλιν
698 332 754 400 καὶ
776 344 875 418 γαῖαν
898 332 1063 417 ἐχουσιν.“

218 443 277 509 τὸν
299 440 331 507 δ’
357 435 435 507 αὖτε
458 439 631 526 προσέειπε
653 440 734 523 θεό,
756 445 944 524 γλαυκῶπις
963 435 1102 521 Ἀθήνη·

176 547 312 634 ,,τοιγάρ
335 546 398 629 ἐγώ
422 569 488 630 τοι,
512 546 596 625 ξεῖνε
619 546 735 628 πάτερ,
759 547 879 629 δόμον,
902 543 942 609 ὅν
964 567 1003 627 με
1026 543 1183 623 κελεύεις,

177 652 288 736 δείξω,
311 651 385 717 ἐπεί
404 675 460 736 μοι
482 653 604 736 πατρὸς
627 651 796 736 ἀμύμονος
819 650 938 734 ἐγγύθι
960 652 1054 714 ναίει.

176 755 247 823 ἀλλ’
275 763 327 823 ῖθι
349 767 425 842 σιγή
447 768 556 839 τοῖον,
580 755 643 838 ἐγὼ
668 753 699 820 δ’
726 755 807 821 ὁδὸν
829 755 1055 840 ἡγεμονεύσω,
1150 771 1184 818 30
1303 730 1304 733 ¹

176 861 263 947 μηδέ
280 861 344 927 τιν’
371 862 559 948 ἀνθρώπων
581 864 777 946 προτιόσσεο
797 857 877 944 ’μηδ’
904 859 1038 945 ἐρέεινε·

178 968 218 1034 ού
240 969 302 1053 γὰρ
327 967 454 1046 ξείνους
477 969 546 1033 οἵδε
570 965 645 1052 μόλ’
672 966 873 1051 ἀνθρώπους
895 963 1082 1049 ἀνέχονται,

177 1072 250 1140 οὐδ’
276 1074 515 1158 ἀγαπαζόμενοι
538 1071 703 1158 φιλέουσ’,
726 1072 762 1149 ός
784 1069 814 1138 κ’
841 1073 986 1136 ἄλλοθεν
1008 1074 1100 1156 έλθη.

178 1178 277 1264 νηυσὶ
299 1186 422 1265 θοῇσιν
443 1182 499 1244 τοί
517 1202 555 1262 γε
578 1180 774 1255 πεπονθότες
797 1177 951 1262 ὠκείῃσιν

177 1291 295 1369 λαῖτμα
318 1283 389 1370 μέγ’
415 1285 630 1370 ἐκπερόωσιν,
654 1284 727 1351 ἐπεί
746 1301 843 1368 σφισι
865 1281 944 1349 δῶκ’
971 1282 1170 1366 ἐνοσίχθων·

178 1403 244 1457 τῶν
266 1390 337 1469 νέες
360 1391 472 1457 ὠκεῖαι
495 1391 538 1468 ὡς
561 1393 593 1456 εί
612 1393 734 1476 πτερὸν
756 1386 793 1474 ήέ
816 1391 955 1473 υόημα.“
1142 1405 1184 1454 ,36

223 1492 267 1574 ὧς
290 1498 353 1582 ἀρα
376 1494 547 1581 φωνήσασ’
574 1496 719 1580 ήγήσατο
743 1496 878 1573 Παλλὰς
897 1493 1021 1578 Ἀθήνη

178 1606 401 1688 καρπαλίμως·
425 1602 442 1667 ὁ
467 1600 497 1667 δ’
525 1605 634 1668 ἔπειτα
657 1601 727 1686 μετ’
755 1608 843 1686 ῖχνια
866 1605 960 1685 βαῖνε
982 1606 1087 1666 θεοῖο.

178 1710 238 1773 τὸν
261 1705 291 1772 δ’
319 1709 382 1792 ἀρα
408 1709 550 1790 Φαίηκες
573 1705 787 1772 ναυσικλυτοὶ
810 1706 872 1771 οὐκ
894 1705 1036 1789 ἐνόησαν

179 1815 359 1899 ἐρχόμενον
381 1813 462 1877 κατὰ
486 1813 568 1877 ἀστυ
592 1813 648 1878 διὰ
672 1810 788 1896 σφέας·
812 1811 853 1876 ού
875 1813 939 1897 γὰρ
960 1806 1083 1895 Ἀθήνη
1151 1827 1185 1875 40

179 1927 230 1985 εία
253 1918 471 2002 ἐυπλόκαμος,
495 1918 587 2001 δεινή
611 1919 706 2001 θεός,
728 1917 749 2000 ή
773 1917 815 2002 βά
838 1917 874 1982 οί
893 1916 998 2002 ἀχλύν

179 2027 361 2108 θεσπεσίην
383 2021 535 2108 κατέχευε
558 2025 640 2107 φίλα
663 2019 842 2107 φρονέουσ’
869 2020 920 2087 ἐνὶ
941 2028 1048 2110 θυμῷ.

178 2130 347 2214 θαύμαζεν
371 2126 401 2192 δ’
425 2125 580 2204 Ὀδυσεὺς
603 2126 736 2211 λιμένας
758 2125 813 2192 καὶ
835 2135 917 2211 νήοις
939 2126 1028 2204 ἐίσας

179 2236 289 2301 αὐτῶν
311 2233 347 2299 θ’
373 2233 492 2319 ήρώων
516 2233 638 2318 ἀγοράς
660 2232 716 2298 καὶ
738 2237 844 2317 τείχεα
867 2235 975 2318 μοικρά

178 2341 305 2424 ὑψηλοί,
329 2341 546 2404 σκολόπεσσιν
570 2338 729 2424 ἀρηρότα,
752 2345 867 2422 θαῦμα
891 2337 1031 2403 ἰδέσθαι.
1152 2355 1186 2402 45

179 2444 250 2512 ἀλλ’
277 2445 330 2510 ὅτε
354 2445 395 2529 δή
419 2447 575 2528 βασιλῆος
598 2443 766 2526 ἀγακλυτὰ
789 2442 918 2526 δώμαθ’
944 2445 1071 2526 ἵκοντο,

179 2561 265 2617 τοῖσι
288 2545 325 2615 δέ
348 2551 467 2634 μύθων
489 2545 567 2634 ἦρχε
590 2549 670 2631 θεά,
693 2553 880 2631 γλαυκῶπις
899 2546 1037 2632 Ἀθήνη·

179 2651 298 2741 ,οὗτος
322 2657 363 2738 δή
386 2678 452 2737 τοι,
476 2654 560 2733 ξεῖνε
583 2654 700 2737 πάτερ,
724 2655 839 2737 δόμος,
863 2652 903 2717 όν
925 2676 965 2737 με
987 2653 1129 2728 κελεύεις

178 2758 401 2847 πεφραδέμεν·
425 2759 515 2841 δήεις
538 2754 574 2822 δέ
598 2756 791 2842 διοτρεφέας
813 2760 972 2840 βασιλῆας

180 2870 296 2950 δαίτην
319 2862 551 2947 δαινυμένους·
575 2866 617 2928 σὺ
641 2861 672 2928 δ’
698 2865 762 2928 ἔσω
784 2866 849 2946 κίε,
872 2863 958 2948 μηδέ
977 2887 1008 2928 τι
1030 2869 1128 2950 θυμῷ
1152 2881 1187 2929 50
1299 2906 1302 2913 -

179 2974 306 3059 τάρβει·
329 2968 515 3055 θαρσαλέος
538 2970 601 3055 γὰρ
625 2969 709 3054 ἀνήρ
734 2969 770 3034 ἐν
792 2980 893 3035 πᾶσιν
916 2968 1059 3053 ἀμείνων

179 3083 327 3164 ἔργοισιν
350 3074 493 3157 τελέθει,
518 3077 548 3140 εί
569 3078 627 3139 καί
645 3082 753 3140 ποθεν
776 3077 921 3141 ἄλλοθεν
944 3078 1047 3140 ἔλθοι.

180 3185 360 3249 δέσποιναν
383 3178 444 3265 μέν
466 3192 579 3265 πρῶτα
602 3184 750 3264 κιχήσεαι
772 3180 809 3246 ἐν
831 3181 1037 3266 μεγάροισιν·

177 3287 294 3373 ’Λρήτη
318 3285 349 3352 δ’
377 3285 470 3371 ὄνομ’
497 3285 588 3352 ἐστίν
611 3285 801 3370 ἐπώνυμον,
825 3285 861 3352 ἐκ
884 3283 922 3351 δέ
942 3289 1071 3370 τοκήων

180 3404 248 3458 τῶν
270 3392 394 3475 αὐτῶν,
418 3393 533 3477 οἵπερ
555 3389 652 3457 τέκον
671 3389 841 3457 Ἀλκίυοον
863 3395 1013 3475 βασιλῆα.
1153 3409 1188 3457 σο
1303 3392 1304 3395 ’

182 3500 380 3563 Ναυσίθοον
403 3494 464 3581 μέυ
485 3508 597 3579 πρῶτα
622 3498 817 3561 Ποσειδάων
840 3497 1024 3581 ἐνοσίχθων
