2642 3917
512 235 720 290 ΟΔΤΣΣΕΙΔΣ
737 239 785 293 ῙΧ
1086 235 1148 300 137

142 383 183 448 οὐ
205 383 268 467 γάρ
291 402 341 446 πω
364 391 456 464 νηών
478 378 632 465 ἐξέφθιτο
655 376 748 459 οἶνος
770 379 930 466 ἐρυθρός,

142 485 213 553 ἀλλ’
239 485 349 570 ἐνέην·
371 488 496 552 πολλὸν
518 487 582 572 γὰρ
606 486 642 553 ἐν
665 485 915 573 ἀμφιφορεῦσιν
937 485 1068 552 ἕκαστοι

141 593 315 678 ἠφύσαμεν
337 593 492 658 Κικόνων
515 593 605 679 ίερδν
627 594 829 679 πτολίεθρον
852 591 989 670 ἑλόντες.
1099 607 1150 658 ιοο

142 698 335 764 Κυκλώπων
357 693 389 763 δ’
415 696 449 774 ἐς
470 709 569 781 γαῖαν
592 698 791 784 ἐλεύσσομεν
813 697 912 782 ἐγγύς
934 698 1073 780 ἐόντων,

141 807 268 870 καπνόν
289 800 318 869 τ’
345 803 455 869 αὐτῶν
476 825 513 870 τε
535 804 695 889 φθογγήν
717 803 799 870 δίων
819 827 855 871 τε
876 802 933 870 καὶ
955 806 1068 886 αἰγῶν.

141 905 224 994 ἦμος
247 906 278 976 δ’
302 908 412 993 ήέλιος
433 907 553 975 κατέδυ
575 909 629 976 καὶ
652 908 706 976 ἐπὶ
727 910 852 996 κνέφας
873 906 994 995 ήλθεν,

142 1017 183 1100 δή
205 1018 278 1082 τότε
300 1018 509 1100 κοιμήθημεν
531 1014 585 1082 ἐπὶ
608 1016 745 1102 ῥηγμῖνι
765 1016 945 1100 θαλάσσης.

142 1117 224 1206 ήμος
246 1118 276 1188 δ’
302 1120 469 1208 ἠριγένεια
492 1123 582 1207 φάνη
606 1122 850 1208 ῥοδοδάκτυλος
869 1119 969 1206 Ἠώς,
1099 1133 1150 1184 ιῖο

141 1226 196 1294 καὶ
217 1224 284 1294 τότ’
311 1227 396 1312 ἐγὼν
419 1226 547 1314 ἀγορήν
567 1227 711 1313 θέμενος
732 1230 812 1313 μετὰ
834 1237 936 1294 πᾶσιν
958 1228 1083 1292 ἐειπον·

142 1335 259 1417 ,ἄλλοι
280 1330 341 1418 μὲν
363 1343 428 1399 νῦν
452 1331 593 1419 μίμνετ’,
617 1333 690 1419 ἐμοὶ
713 1333 841 1421 ἐρίηρες
863 1333 1002 1420 ἑταῖροι·

142 1441 245 1527 αὐτὰρ
268 1440 332 1524 ἐγὼ
355 1443 419 1506 σὺν
441 1443 501 1524 νηί
519 1437 549 1504 τ’
576 1439 636 1527 ἐμῇ
658 1438 714 1505 καλ
737 1439 828 1527 ἐμοῖς
850 1439 1016 1527 ἑτάροισιν

142 1547 252 1612 ἐλθών
273 1543 372 1612 τῶνδ’
399 1546 532 1633 ἀνδρῶν
553 1550 767 1632 πειρήσομαι,
790 1545 934 1624 οἵτινές
955 1547 1055 1628 εἰσιν,

141 1653 163 1735 ή
186 1650 216 1740 β’
243 1654 279 1719 οῖ
298 1650 329 1736 γ’
355 1652 513 1739 ὑβρισταί
531 1675 566 1718 τε
588 1651 645 1718 καὶ
667 1655 778 1739 ἄγριοι
801 1649 881 1719 οὐδέ
904 1653 1041 1734 δίκαιοι,
1099 1665 1149 1715 1⁷5
1185 1712 1188 1715 ,

142 1754 179 1842 ήε
201 1758 398 1844 φιλόξεινοι,
421 1761 481 1824 καί
500 1774 582 1843 σφιν
605 1761 684 1837 νόος
706 1757 776 1825 ἐστὶ
798 1758 976 1841 θεουδής.“

186 1859 231 1942 ὥς
252 1866 354 1931 εἰπὼν
377 1864 441 1930 ἀνά
462 1865 543 1948 νηὸς
565 1866 661 1949 ἐβην,
685 1863 839 1930 ἐκέλευσα
862 1861 893 1929 δ’
920 1862 1070 1949 ἑταίρους

142 1972 263 2050 αύτούς
285 1968 313 2037 τ’
340 1971 513 2055 ἀμβαίνειν
535 1969 600 2034 ἀνά
621 1994 656 2035 τε
678 1972 869 2056 πρυμνήσια
892 1975 999 2036 λῦσαι.

142 2078 178 2142 οί
197 2075 228 2142 δ’
255 2073 325 2155 αἶψ’
351 2079 522 2160 εἴσβαινον
543 2074 599 2141 καὶ
622 2075 675 2142 ἐπὶ
697 2081 808 2160 κληῖσι
830 2078 984 2159 καθῖζον,

142 2182 214 2267 ἑξῆς
238 2180 267 2249 δ’
294 2182 440 2267 ἑζόμενοι
463 2182 584 2265 πολιήν
607 2181 670 2247 ἅλα
691 2183 816 2248 τύπτον
839 2180 993 2267 ἐρετμοῖς.
1098 2197 1150 2246 180

141 2287 213 2355 ἀλλ’
239 2289 292 2355 ὅτε
316 2290 357 2373 δή
381 2289 440 2354 τὸν
462 2298 572 2374 χῶρον
595 2285 772 2373 ἀφικόμεθ’
799 2286 898 2371 ἐγγὺς
919 2286 1031 2370 ἐόντα,

142 2399 226 2461 ἔνθα
250 2391 280 2460 δ’
306 2392 356 2460 ἐπ’
384 2393 516 2479 ἐσχατιῇ
539 2392 638 2471 σπέος
660 2395 793 2478 εῖδομεν
816 2395 891 2478 ἀγχι
912 2394 1085 2479 θαλάσσης

141 2502 287 2586 ὑψηλόν,
311 2501 458 2585 δάφνῃσι
480 2499 671 2586 κατηρεφές.
709 2501 793 2565 ἔνθα
817 2494 854 2565 δέ
875 2501 981 2565 πολλὰ

142 2605 233 2693 μῆλ’,
256 2605 323 2684 ὄιές
345 2628 379 2671 τε
401 2603 457 2672 καὶ
480 2600 585 2689 αἶγες,
609 2605 779 2671 ἰαύεσκον·
802 2604 878 2691 περὶ
901 2603 931 2670 δ’
958 2605 1042 2690 αύλή

141 2715 252 2798 ὑψηλή
276 2711 418 2797 δέδμητο
440 2711 683 2798 κατωρυχέεσσι
706 2714 854 2777 λίθοισιν
1098 2729 1149 2778 185

142 2821 305 2907 μακρῇσίν
326 2841 361 2885 τε
384 2821 539 2885 πίτυσσιν
562 2814 613 2884 ίδὲ
636 2815 757 2903 δρυσὶν
778 2817 1001 2902 ὑψικόμοισιν.

142 2929 227 2992 ἔνθα
250 2920 280 2990 δ’
307 2923 390 3010 ἀνήρ
414 2923 524 2990 ἐνίαυε
546 2925 722 3009 πελώριος,
745 2923 781 3000 ὅς
805 2924 847 3009 ῥα
867 2925 908 2989 τά
930 2929 1016 3009 μῆλα

143 3027 213 3108 οἶος
234 3032 468 3115 ποιμαίνεσκεν
491 3029 698 3117 ἀπόπροθεν·
721 3026 800 3096 ούδέ
823 3026 892 3113 μετ’
919 3031 1040 3108 ἀλλους

142 3133 287 3219 πωλεῖτ’,
310 3132 381 3200 ἀλλ’
408 3135 599 3201 ἀπάνευθεν
621 3135 687 3200 ἐών
709 3134 884 3220 ἀθεμίστια
906 3134 979 3221 ᾔδη.

143 3241 198 3308 καλ
219 3243 284 3328 γδρ
306 3247 421 3326 θαῦμα
443 3239 578 3308 τέτυκτο
601 3241 781 3328 πελώριον,
804 3237 883 3306 ούδέ
907 3240 1021 3329 ἐῴκειν
1099 3258 1149 3307 100

143 3349 244 3434 ἀνδρί
262 3371 299 3431 γε
322 3348 507 3436 σιτοφάγφ,
531 3347 614 3413 ἀλλὰ
637 3348 699 3437 βίω
721 3347 855 3430 ὑλήεντι

141 3455 279 3540 ὑψηλῶν
302 3451 422 3539 όρέων,
446 3453 521 3519 ὅτε
545 3456 698 3537 φαίνεται
721 3448 795 3518 οἷον
818 3449 872 3517 ἀπ’
899 3454 1016 3518 ἀλλων.

186 3561 228 3644 δή
251 3562 324 3626 τότε
345 3561 425 3636 τοὺς
447 3560 568 3636 ἀλλους
589 3554 733 3643 κελόμην
755 3557 889 3643 ἐρίηρας
912 3556 1062 3642 ἑταίρους
