2642 3917
165 202 211 266 40
537 203 746 256 ΟΔΤΣΣΕΙΔΣ
764 204 796 258 Γ.

165 354 210 434 τῷ
234 342 274 411 δέ
295 344 330 413 οί
351 345 500 434 ὀγδοάτῳ
522 346 625 411 κακδν
646 346 754 429 ήλυθε
777 348 850 424 δίος
868 343 1019 433 Ὀρέστης

165 448 212 527 ἀῆ
234 448 289 515 ἀπ’
312 447 503 535 Ἀθηνάων,
524 450 607 516 κατὰ
629 449 661 517 δ’
687 454 802 519 ἔκτανε
824 461 1056 538 πατροφονῆα,

165 560 334 638 Αἴγισθον
356 559 549 641 δολόμητιν,
573 556 591 622 ό
615 557 651 623 οί
670 555 794 643 πατέρα
814 559 937 624 κλυτὸν
959 559 1044 623 ἕκτα.

165 656 185 744 ή
208 685 260 727 τοι
283 662 302 729 δ
324 663 383 729 τὸν
405 665 534 740 κτείνας
558 663 657 729 δαίνυ
678 664 788 748 τάφον
806 660 1004 749 Ἀργείοισιν

165 771 288 853 μητρός
309 792 345 835 τε
368 777 529 853 στυγερῆς
551 767 606 834 καί
629 769 806 845 ἀνάλκιδος
829 771 1025 852 Αίγίσθοιο·
1124 786 1177 833 310

165 874 316 960 αὐτῆμαρ
341 871 381 940 δέ
401 874 438 940 οί
456 870 541 958 ήλθε
563 876 648 960 βοήν
671 875 799 959 ἀγαθὸς
821 872 994 952 Μενέλαος

165 980 271 1046 πολλὰ
293 977 428 1065 κτήματ’
454 981 560 1063 ἄγων,
583 980 646 1046 ὅσα
669 981 705 1046 οί
724 979 796 1058 νέες
818 981 923 1067 ἄχθος
945 981 1069 1065 ἄειραν.

165 1085 220 1152 καί
243 1087 301 1170 σά,
324 1089 437 1172 φίλος,
460 1085 505 1171 μή
528 1085 619 1170 δηθὰ
642 1086 756 1171 δόμων
778 1088 843 1152 ἀπο
865 1083 936 1171 τῆλ’
963 1085 1124 1170 ἀλάλησο,

165 1192 311 1277 κτήματά
331 1215 367 1258 τε
388 1192 560 1278 προλιπὼν
583 1193 708 1278 ἄνδρας
729 1189 758 1257 τ’
784 1191 822 1259 έν
844 1203 933 1259 σοῖσι
956 1193 1110 1277 δόμοισιν

166 1298 253 1363 οὕτω
276 1297 518 1383 ὑπερφιάλως·
540 1299 585 1382 μή
607 1321 660 1364 τοι
681 1299 764 1364 κατὰ
786 1298 894 1364 πάντα
916 1298 1070 1383 φάγωσιν
1125 1315 1176 1363 31σ
1306 1319 1307 1360 ι

165 1405 311 1488 κτήματα
334 1403 553 1488 δασσάμενοι,
577 1406 621 1470 σὺ
644 1401 681 1470 δέ
703 1406 846 1489 τηϋσίην
868 1403 950 1470 ὁδόν
972 1406 1083 1488 έλθης.
1306 1395 1307 1426 ’

166 1506 237 1575 ἀλλ’
263 1509 297 1587 ίς
319 1505 380 1595 μὲν
402 1508 579 1576 Μενέλαον
601 1508 665 1593 ἐγὼ
688 1508 825 1594 κέλομαι
846 1506 902 1575 καί
925 1509 1038 1591 ἄνωγα

165 1614 292 1681 έλθείν·
316 1626 425 1693 κεῖνος
446 1616 510 1701 γὰρ
533 1614 611 1682 νέον
634 1617 780 1681 άλλοθεν
802 1616 1017 1699 είλήλουθεν,

165 1719 201 1786 έκ
223 1731 290 1786 τῶν
313 1719 519 1805 ἀνθρώπων,
543 1720 626 1787 ὅθεν
648 1721 711 1787 οὐκ
733 1722 864 1786 ἔλποιτό
887 1744 925 1804 γε
947 1725 1047 1809 θυμῷ

165 1824 320 1911 ἐλθέμεν,
343 1826 480 1892 ὅντινα
501 1838 634 1912 πρῶτον
657 1826 898 1911 ἀποσφήλωσιν
920 1826 1035 1892 ἄελλαι
1124 1842 1176 1892 3εο
1306 1871 1307 1904 ,

165 1930 198 2009 ές
220 1930 361 2015 πέλαγος
383 1930 465 2017 μέγα
487 1942 595 2015 τοῖον,
619 1931 703 1998 ὅθεν
724 1930 763 1997 τέ
782 1954 843 2016 περ
866 1928 940 1997 οὐδ’
966 1929 1082 1997 οίωνοὶ

165 2038 315 2115 αὐτόετες
338 2040 521 2123 οἰχνεῦσιν,
544 2035 614 2104 ἐπεί
637 2036 721 2122 μέγα
742 2060 778 2102 τε
801 2038 914 2103 δεινόν
936 2059 980 2102 τε.

165 2142 236 2209 ἀλλ’
263 2150 315 2210 ίθι
337 2153 401 2212 νῦν
424 2147 488 2210 σὺν
509 2146 570 2229 νηί
588 2166 622 2209 τε
646 2152 688 2228 σῆ
711 2141 767 2209 καὶ
790 2152 861 2220 σοίς
883 2140 1065 2226 ἑτάροισιν·

165 2251 197 2315 εί
217 2248 248 2315 δ’
274 2248 400 2328 ἐθέλεις
421 2252 529 2333 πεζός,
552 2249 641 2335 πάρα
662 2271 715 2315 τοι
738 2250 858 2334 δίφρος
880 2271 915 2314 τε
937 2246 993 2313 καὶ
1015 2249 1126 2331 ἵπποι,

163 2357 230 2442 πάρ
254 2354 294 2422 δέ
311 2380 364 2421 τοι
385 2348 456 2434 υἷες
478 2354 567 2441 έμοί,
589 2355 625 2421 οί
643 2379 696 2421 τοι
717 2361 864 2439 πομπῆες
887 2356 1019 2420 ἔσονται
1122 2372 1175 2420 ³25
1305 2375 1306 2378 ’

164 2461 198 2540 ές
218 2463 451 2547 Λακεδαίμονα
474 2462 567 2545 δῖαν,
590 2460 647 2527 όθι
671 2459 794 2540 ξανθὸς
815 2458 996 2537 Μενέλαος.

164 2570 339 2634 λίσσεσθαι
361 2566 402 2633 δέ
421 2591 480 2653 μιν
501 2567 616 2647 αὐτός,
640 2567 696 2631 ἵνα
719 2561 876 2652 νημερτές
898 2566 1030 2651 ἐνίστη·

163 2674 287 2754 ψεῦδος
309 2671 340 2738 δ’
367 2673 428 2740 οάκ
451 2671 548 2759 ἐρέει·
571 2671 657 2755 μάλα
679 2670 744 2756 γάρ
766 2669 977 2755 πεπνυμένος
998 2670 1121 2739 έστίν.“

208 2775 252 2857 ὧς
274 2776 382 2864 ἔφατ’,
405 2778 514 2863 ήέλιος
537 2774 567 2842 δ’
594 2773 647 2859 ἄρ’
674 2778 735 2841 ἔδυ
755 2774 811 2841 καί
834 2774 888 2842 ἐπὶ
912 2774 1037 2861 κνέφας
1060 2773 1174 2861 ήλθεν.

163 2897 251 2953 τοῖσι
274 2881 312 2951 δέ
334 2883 389 2951 καί
411 2882 557 2970 μετέειπε
579 2882 659 2965 θεά,
682 2886 871 2965 γλαυκῶπις
890 2879 1031 2966 Ἀθήνη·
1121 2899 1174 2948 830

163 2989 212 3077 ,ὦ
233 2990 353 3075 γέρον,
376 2984 397 3074 ή
419 3012 472 3056 τοι
494 2997 597 3054 ταῦτα
619 2988 702 3053 κατὰ
725 2997 846 3072 μοῖραν
868 2985 1055 3066 κατέλεξας·

163 3096 234 3164 ἀλλ’
261 3099 320 3181 ἄγε
341 3096 477 3181 τάμνετε
500 3090 561 3180 μέν
584 3094 752 3189 γλώσσας,
774 3092 939 3176 κεράασθε
963 3089 1000 3158 δέ
1021 3088 1133 3176 οίνον,

162 3207 252 3289 όφρα
275 3202 485 3269 Ποσειδάωνι
507 3198 562 3266 καί
585 3200 698 3276 ἄλλοις
720 3197 940 3263 ἀθανάτοισιν

163 3311 355 3385 σπείσαντες
376 3310 500 3373 κοίτοιο
523 3305 715 3390 μεδώμεθα·
737 3314 809 3371 τοία
830 3304 894 3388 γὰρ
917 3304 996 3389 ὥρη.

164 3416 227 3499 ήδη
249 3416 314 3500 γὰρ
338 3414 424 3498 φάος
446 3410 552 3497 οἴχεθ’
578 3410 644 3475 ὑπὸ
669 3411 787 3494 ζόφον,
810 3405 889 3475 οὐδὲ
911 3412 1019 3475 ἔοικεν
1122 3426 1175 3475 εαε

165 3522 254 3605 δηθὰ
275 3526 367 3585 θεων
390 3516 427 3583 έν
450 3515 538 3583 δαιτί
560 3514 767 3600 θαασσέμεν,
790 3514 873 3580 ἀλλά
895 3513 1063 3581 νέεσθαι.“
