2642 3917
165 178 229 242 196
548 182 757 234 omnm
774 184 810 234 ιτ.

163 322 270 407 ῥίμφα
293 323 482 407 διώκοντες,
506 325 564 401 τὰς
587 322 618 389 δ’
645 325 687 390 οὐ
710 325 815 390 λάθεν
839 325 986 402 ὠκύαλος
1008 335 1091 408 νηῦς

163 427 306 511 ἐγγύθεν
330 428 511 514 ὀρνυμένη,
534 431 675 514 λιγυρὴν
698 428 729 495 δ’
755 434 895 496 ἔντυνον
918 430 1050 513 ἀοιδήν·
1303 500 1310 521 Ι,

163 532 264 620 ,δεῦρ’
291 532 343 618 ἄγ’
371 535 441 618 ίών,
460 533 613 600 πολύαιν’
632 533 780 618 Ὀδυσεῦ,
803 534 886 619 μέγα
903 537 1005 612 κῦδος
1020 533 1169 620 Ἀχαιῶν,
1299 530 1305 625 J

162 650 226 723 νῆα
248 642 468 725 κατάστησον,
492 643 548 707 ἵνα
569 641 732 727 νωιτέρην
754 641 807 707 ὄπ’
835 643 986 728 ἀκούσης.
1119 659 1169 708 185

162 745 203 811 οὐ
225 746 289 832 γάρ
312 746 362 810 πώ
385 770 435 823 τις
451 748 530 832 τῆδε
552 750 720 833 παρήλασε
743 747 800 832 νηλ
822 751 975 832 μελαίνῃ,
1310 814 1312 841 7

162 854 241 938 πρίν
263 850 294 934 γ’
320 850 431 937 ἡμέων
453 856 633 939 μελίγηρυν
656 853 721 920 ἀπὸ
745 856 916 938 στομάτων
938 852 991 919 ὄπ’
1019 854 1169 938 ἀκοῦσαι,
1304 852 1306 857 ’

162 953 234 1023 ἀλλ’
259 958 277 1023 ό
299 981 338 1041 γε
359 959 561 1044 τερψάμενος
582 970 689 1025 νεῖται
710 958 766 1026 καὶ
788 963 925 1025 πλείονα
948 960 1058 1036 είδώς·

162 1065 257 1149 ίδμεν
279 1065 343 1150 γάρ
365 1089 418 1130 τοι
439 1063 557 1148 πάνθ’,
580 1063 631 1131 όσ’
657 1064 708 1131 ἐνὶ
735 1069 837 1152 Τροίη
860 1067 971 1152 εὐρείη

158 1168 298 1256 Ἀργείοι
325 1169 433 1256 Τρῶές
455 1194 490 1237 τε
513 1177 604 1236 θεῶν
627 1174 731 1256 ἰότητι
754 1175 918 1256 μόγησαν,
1119 1188 1170 1237 190

162 1280 257 1363 ἴδμεν
280 1276 326 1362 δ’,
349 1277 432 1343 ὅσσα
453 1276 588 1362 γένηται
610 1275 664 1342 ἐπὶ
686 1277 786 1361 χθονὶ
809 1279 1070 1363 πουλυβοτείρηό

158 1388 160 1394 '
206 1379 251 1462 ὧς
273 1386 385 1469 φάσαν
408 1385 506 1450 ίείσαι
529 1386 594 1450 ὅπα
615 1386 791 1469 κάλλιμον·
815 1384 919 1471 αὐτάρ
942 1383 1022 1468 έμδν
1043 1392 1106 1468 κῆρ

161 1487 258 1574 ἤθελ’
284 1488 495 1574 ἀκουέμεναι,
518 1493 619 1556 λῦσαί
638 1488 668 1554 τ’
694 1488 846 1556 ἐκέλευον
869 1489 1018 1576 ἑταίρους

162 1598 286 1683 ὀφρύσι
307 1599 507 1676 νευστάζων·
530 1596 567 1662 οί
587 1593 623 1662 δὲ
646 1599 867 1681 προπεσόντες
890 1600 1035 1683 ἔρεσσον.

162 1704 278 1770 αὐτίκα
301 1699 333 1769 δ’
358 1703 535 1781 ἀνστάντες
559 1704 750 1789 Περιμήδης
772 1702 964 1788 Εὐρύλοχός
985 1726 1020 1769 τε
1117 1720 1168 1768 τοο

161 1812 293 1877 πλείοσί
311 1808 345 1895 μ’
372 1809 409 1874 ἐν
431 1811 582 1893 δεσμοῖσι
605 1806 684 1873 δέον
707 1811 832 1892 μᾶλλόν
852 1832 889 1873 τε
911 1812 1030 1888 πίεζον.

162 1917 265 2003 αὐτάρ
288 1914 356 1982 ἐπεὶ
381 1916 422 2000 δή
445 1915 503 1992 τάς
524 1938 563 1998 γε
585 1915 796 1999 παρήλασαν,
819 1910 893 1979 οὐδ’
919 1912 964 1980 ἐτ’
990 1918 1100 1980 ἔπειτα

162 2032 315 2110 φθογγῆς
338 2024 512 2107 Σειρήνων
534 2021 699 2104 ήκούομεν
721 2018 804 2085 οὐδέ
823 2017 852 2084 τ’
878 2019 1009 2104 ἀοιδῆς,

162 2127 232 2208 αἶψ’
259 2131 322 2196 άπὸ
344 2131 448 2215 κηρὸν
471 2127 585 2193 ἕλοντο
609 2124 681 2210 ἐμοὶ
704 2126 832 2213 ἐρίηρες
854 2124 992 2210 ἑταῖροι,

162 2238 202 2302 όν
216 2254 298 2321 σφιν
312 2233 361 2301 ἐπ’
380 2233 462 2301 ὠσὶν
476 2231 598 2315 ἄλειψ’,
613 2231 671 2316 ἐμέ
681 2230 711 2297 τ’
728 2231 765 2298 ἐκ
779 2233 910 2316 δεσμῶν
923 2230 1095 2298 ἀνέλυσαν.
1116 2250 1169 2297 200

206 2341 278 2408 ἀλλ’
304 2343 358 2408 ὅτε
381 2343 422 2426 δή
445 2341 506 2424 τήν
528 2349 633 2422 νῆσον
656 2338 843 2423 ἐλείπομεν,
866 2336 971 2404 αὐτίκ’
996 2341 1106 2404 ἔπειτα

161 2451 288 2515 καπνὸν
310 2447 366 2514 καὶ
389 2446 472 2533 μέγα
493 2454 581 2530 κῦμα
604 2447 680 2511 ίδον
701 2443 758 2510 καὶ
781 2446 909 2510 δοῦπον
930 2446 1064 2510 ἄκουσα.

161 2565 228 2621 τῶν
251 2551 282 2619 δ’
308 2554 371 2639 ἄρα
395 2553 577 2618 δεισάντων
600 2550 636 2616 ἐκ
657 2562 778 2636 χειρῶν
801 2547 909 2615 ἔπτατ’
935 2549 1069 2636 ἐρετμά,

161 2662 333 2744 βόμβησαν
351 2657 382 2724 δ’
409 2659 472 2743 άρα
494 2657 601 2722 πάντα
623 2658 706 2722 κατὰ
729 2657 823 2743 ῥόον·
846 2658 958 2741 ἔσχετο
981 2655 1014 2721 δ’
1041 2656 1146 2723 αὐτοῦ

161 2775 259 2850 νηῦς,
281 2763 351 2831 ἐπεὶ
375 2761 481 2830 οὐκέτ’
509 2762 626 2849 ἐρετμά
647 2765 794 2847 προήκεα
814 2759 928 2847 χερσὶν
950 2757 1109 2845 ἔπειγον]
1116 2779 1168 2827 205

162 2871 266 2954 αὐτὰρ
289 2870 352 2954 ἐγὼ
377 2872 432 2935 διὰ
454 2871 534 2955 νηὸς
557 2869 619 2935 ίὼν
636 2871 788 2954 ὤτρυνον
806 2866 957 2952 ἑταίρους

162 2981 333 3061 μειλιχίοις
354 2976 484 3042 έπέεσσι
506 2977 719 3059 παρασταδὸν
741 2975 848 3059 ἄνδρα
870 2972 1022 3040 ἕκαστον·

162 3077 199 3163 ,ὦ
224 3085 331 3166 φίλοι,
355 3083 396 3148 οὐ
419 3082 482 3167 γάρ
504 3082 555 3147 πώ
578 3105 610 3146 τι
631 3092 742 3147 κακῶν
765 3077 948 3163 ἀδαήμονές
970 3081 1076 3163 είμεν·

162 3187 203 3252 οὐ
225 3185 286 3272 μὲν
309 3189 350 3272 δή
373 3190 449 3254 τόδε
472 3191 583 3273 μεῖζον
605 3186 677 3253 ἕπει
698 3189 816 3269 κακόν,
838 3184 860 3269 ή
882 3186 936 3251 ὅτε
958 3186 1106 3263 Κύκλωψ

162 3297 241 3358 εἴλει
263 3293 314 3360 ἐνλ
337 3302 417 3377 σπῆι
439 3299 601 3381 γλαφυρῷ
624 3300 807 3378 κρατερῆφι
829 3293 961 3374 βίηφιν·
1115 3306 1168 3354 210

163 3395 244 3463 ἀλλὰ
266 3397 322 3464 καλ
344 3402 444 3466 ἔνθεν
466 3399 527 3485 έμῆ
550 3399 666 3485 ἀρετῆ,
688 3401 793 3482 βουλῆ
815 3419 851 3462 τε
871 3404 940 3482 νοῷ
957 3418 1008 3478 τε,

163 3500 363 3588 ἐκφύγομεν,
386 3509 445 3572 καί
463 3527 530 3572 που
551 3507 657 3571 τῶνδε
680 3506 866 3589 μνήσεσθαι
887 3501 955 3567 όίω.
