2642 3917
509 223 718 275 ΟΔΤΣΣΕΙΔΣ
736 224 782 278 1v.
1115 220 1158 284 53

189 365 249 429 τὸν
271 361 301 428 δ’
329 364 591 449 ἀπαμειβόμενος
612 363 763 450 προσέφη
787 364 911 444 ξανθὸς
936 361 1123 441 Μενέλαος·

145 465 195 553 ,δι
218 468 304 555 φίλ’,
327 468 397 536 ἐπεὶ
419 472 500 537 τόσα
522 466 625 554 εἶπες,
649 467 700 536 όσ’
726 469 769 535 ἐν
790 467 1001 555 πεπνυμένος.
1021 468 1106 554 ἀνὴρ

145 581 233 642 εέποι
254 574 310 642 καί
333 575 451 662 ῥέξειε,
475 573 530 642 καὶ
553 576 590 654 δς
612 574 869 662 προγενέστερος
891 582 957 660 εἰη·
1104 591 1155 640 εοο

144 684 239 747 τοίου
261 683 326 769 γάρ
348 681 404 749 καὶ
426 685 563 767 πατρός,
587 681 605 747 δ
628 680 684 748 καὶ
706 679 898 767 πεπνυμένα
920 683 1036 765 βάζεις.

146 787 219 872 ῥεῖα
241 785 272 853 δ’
299 787 481 872 ἀρίγνωτος
503 791 603 871 γόνος
627 786 759 872 ἀνέρος,
782 778 809 877 95
831 811 867 853 τε
889 789 1046 872 Κρονίων

145 894 248 976 ὄλβον
270 892 434 978 ἐπικλώσῃ
456 891 617 978 γαμέοντί
635 917 671 959 τε
693 891 875 983 γεινομένῳ
898 916 948 976 τε,

145 999 191 1076 ὡς
211 1007 276 1065 νῦν
298 998 446 1084 Νέστορι
469 1001 555 1066 δῶκε
578 996 756 1086 διαμπερὲς
777 1000 885 1084 ἤματα
907 999 1015 1065 πάντα

145 1104 249 1171 αὐτὸν
273 1101 334 1190 μέν
356 1111 502 1200 λιπαρῶς
525 1104 732 1192 γηρασκέμεν
754 1105 792 1171 ἐν
813 1106 1023 1192 μεγάροισιν,
1104 1122 1157 1170 210

144 1209 237 1288 υἱέας
260 1206 302 1277 αὖ
325 1213 484 1290 πινυτούς
506 1235 541 1277 τε
563 1209 619 1277 καὶ
642 1214 772 1296 ἐγχεσιν
797 1207 883 1278 εἶναι
905 1211 1067 1296 ἀρίστους.

143 1317 238 1402 ἡμεῖς
261 1314 298 1383 δέ
320 1318 495 1402 κλαυθμὸν
518 1314 580 1402 μὲν
603 1317 759 1402 ἐάσομεν,
782 1317 819 1396 δς
840 1316 921 1402 πρὶν
944 1318 1083 1402 ἐτύχθη,

146 1424 274 1509 δόρπου
298 1408 329 1489 δ’Ι
357 1422 485 1502 ἐξαῦτις
507 1424 727 1508 μνησώμεθα,
749 1421 897 1510 χερσδδ
924 1422 977 1509 ἐφ’
1002 1424 1094 1508 ὕδωρ

144 1529 322 1614 χευάντων.
358 1535 464 1614 μῦθοι
486 1526 523 1596 δέ
545 1528 601 1596 καὶ
624 1528 737 1613 ἠῶθέν
759 1553 821 1616 περ
843 1532 975 1596 ἔσονται

149 1635 326 1724 Τηλεμάχῳ
349 1634 405 1702 καὶ
428 1634 500 1720 ἐμοὶ
524 1634 712 1721 διαειπέμεν
736 1634 961 1720 όλλήλοισιν.“
1104 1652 1154 1702 ιιι

190 1735 235 1819 ὧς
256 1739 365 1827 ἔφατ’,
385 1739 574 1827 Ἀσφαλίων
593 1739 624 1807 δ’
647 1739 700 1828 ἄρ’
722 1740 816 1828 ὕδωρ
835 1739 887 1806 ἐπὶ
904 1752 1015 1827 χεῖρας
1033 1744 1156 1826 ἐχευεν,

145 1848 285 1932 ὀτρηρὸς
306 1849 465 1933 θεράπων
487 1849 666 1914 Μενελάου
688 1849 894 1931 κυδαλίμοιο.

145 1953 182 2018 οί
202 1951 233 2019 δ’
260 1951 310 2018 ἐπ’
337 1951 465 2020 ὀνείαθ’
492 1952 606 2038 ἑτοίμα
628 1956 827 2038 προκείμενα
848 1964 960 2038 χεῖρας
982 1958 1106 2020 ἴαλλον.

191 2057 264 2124 ἐνθ’
291 2054 362 2124 αὖτ’
389 2057 461 2125 ἄλλ’
488 2058 598 2144 ἐνόησ’
620 2056 736 2143 Ἑλένη
759 2060 843 2136 Διὸς
865 2058 1049 2143 ἐκγεγαυῖα.

145 2163 252 2231 αὐτίκ’
278 2163 330 2252 ἄρ’
351 2168 399 2243 είς
417 2161 512 2232 οἶνον
529 2167 609 2249 βάλε
628 2167 816 2250 φάρμακον,
839 2167 939 2230 ἐνθεν
957 2168 1083 2251 ἐπινον,
1103 2184 1156 2232 220

145 2270 310 2356 νηπενθές
333 2269 360 2336 τ’
387 2273 509 2355 άχολόν
531 2294 581 2354 τε,
604 2282 717 2337 κακῶν
739 2271 902 2355 ἐπίληθον
924 2270 1088 2339 ἁπάντων.

146 2377 183 2456 ὃς
205 2378 242 2443 τὸ
264 2378 510 2460 καταβρόξειεν,
534 2376 617 2461 ἐπὴν
639 2385 778 2464 κρητῆρι
800 2380 925 2461 μιγείη,
1076 2381 1077 2384 ’

146 2485 188 2550 ού
210 2507 268 2549 κεν
291 2482 468 2568 ἐφημέριός
490 2506 528 2566 γε
550 2484 648 2567 βάλοι
671 2483 753 2548 κατὰ
776 2482 882 2566 δάκρυ
905 2496 1085 2569 παρειῶν,

146 2587 220 2656 οὐδ’
246 2596 280 2656 εί
298 2590 334 2655 οί
353 2591 575 2674 κατατεθναίη
598 2593 705 2674 μήτηρ
727 2613 761 2654 τε
784 2593 891 2677 πατήρ
913 2614 964 2673 τε,

146 2693 220 2761 οὐδ’
245 2701 280 2761 εί
298 2697 334 2762 οί
353 2697 582 2782 προπάροιθεν
606 2695 770 2781 ἀδελφεὸν
791 2695 812 2780 ἣ
836 2699 937 2781 φίλον
959 2697 1036 2764 υίὸν
1103 2715 1155 2764 225

145 2806 255 2892 χαλκῷ
279 2803 434 2891 δηιόῳεν,
458 2801 476 2867 ὁ
500 2799 531 2868 δ’
558 2802 786 2888 ὀφθαλμοῖσιν
809 2801 925 2891 ὁρῷτο.

147 2918 219 2973 τοία
242 2909 326 2984 Διὸς
347 2909 499 2993 θυγάτηρ
522 2911 575 2993 ἐχε
598 2909 754 2993 φάρμακα
778 2911 953 2993 μητιόεντα

148 3013 269 3096 ἐσθλά,
291 3014 333 3078 τά
354 3014 389 3079 οί
411 3015 616 3098 Πολύδαμνα
638 3016 742 3099 πόρεν
765 3018 881 3092 Θῶνος
902 3015 1093 3101 παράκοιτις

148 3122 328 3204 Αἰγυπτίη,
352 3128 392 3205 τῇ
414 3126 550 3185 πλεῖστα
572 3119 667 3205 φέρει
691 3122 845 3207 ζείδωρος
867 3122 995 3206 ἄρουρα

147 3227 314 3310 φάρμακα,
325 3227 430 3292 πολλὰ
440 3223 501 3310 μὲν
511 3226 615 3292 ἐσθλά
625 3224 806 3311 μεμιγμένα
815 3229 921 3292 πολλά
931 3224 968 3294 δέ
978 3225 1156 3315 λυγρά·ἐεο

148 3333 260 3417 ἰητρὸς
282 3327 318 3398 δέ
341 3331 476 3409 ἕκαστος
499 3331 712 3416 ἐπιστάμενος
734 3329 808 3418 περὶ
831 3334 965 3400 πάντων

148 3437 350 3524 ἀνθρώπων·
373 3433 394 3522 ἦ
417 3439 479 3523 γὰρ
504 3441 673 3521 Παιήονός
695 3440 759 3504 είσι
781 3437 951 3523 γενέθλης.

147 3544 252 3629 αὐτὰρ
276 3543 348 3610 ἐπεί
368 3542 399 3630 β’
424 3541 535 3629 ἐνέηκε
558 3543 695 3610 κέλευσέ
714 3566 748 3609 τε
772 3546 978 3628 οἰνοχοῆσαι,
