2642 3917
556 203 756 270 sumniam
1062 212 1154 266 'XVII

533 430 535 434 .
619 376 688 442 XV.

219 472 427 531 Telemachum
445 472 659 533 Lacedaemoni
677 472 859 531 desidentem
875 471 907 529 in
925 469 1036 531 somnis
1053 473 1154 527 monet

151 560 296 637 Minerva,
328 560 450 619 domum
479 565 516 619 ut
547 561 662 639 redeat,
695 580 814 637 quaque
845 560 896 620 via
926 576 1084 635 procorum
1109 556 1154 614 in·

151 648 241 707 sidias
268 648 345 708 vitet
372 640 519 730 (1—43).
565 650 645 728 Ergo
677 650 703 708 is
734 648 830 725 pn'mo
857 667 943 707 mane
974 666 992 707 a
1018 646 1153 705 Menelao

150 737 318 796 revertendi
340 736 457 797 veniam
480 738 565 815 petit,
588 740 680 813 atque
704 738 833 813 acceptis
851 737 888 795 ab
907 737 971 812 ipso
992 738 1022 795 et
1039 734 1077 793 ab
1094 733 1153 791 He·
1185 758 1187 762 ⁷

150 825 219 884 lena
241 824 413 885 muneribus
437 828 652 902 conspectaque
677 826 726 885 avi
748 825 877 885 secunda
904 844 972 885 cum
994 823 1152 882 Pisistrato

149 914 249 991 pergit
280 914 318 973 ad
354 933 460 973 nauem
491 914 523 972 in
553 917 644 991 portu
676 914 762 991 Pylio
794 914 929 973 relictam
961 902 1151 992 (44-181).

150 1002 253 1061 Pheris
266 1001 377 1061 iterum
395 1003 543 1062 deversati
561 1003 655 1062 altero
674 1003 721 1061 die
734 1002 845 1079 Pylum
862 1001 1051 1078 perveniunt:
1074 999 1152 1057 unde

150 1090 344 1149 Telemachus
373 1090 532 1151 Pisistrato
564 1092 602 1149 ad
634 1093 751 1168 patrem
781 1089 904 1150 remisso
936 1092 967 1149 et
999 1090 1151 1163 assumpto

149 1179 374 1258 Theoclymeno,
397 1182 465 1239 vate
484 1180 606 1258 Argivo,
629 1182 696 1239 tum
718 1180 755 1239 ob
778 1180 897 1239 caedem
916 1179 1010 1255 exule,
1028 1195 1152 1254 propere

148 1267 239 1328 solvit
266 1287 300 1327 ac
327 1270 414 1327 tutus
443 1268 530 1329 devia
556 1268 748 1348 navigatione
775 1269 807 1327 in
833 1268 964 1344 patriam
995 1265 1153 1326 advehitur

149 1348 362 1438 (182—300').
407 1356 509 1416 Ulixes
538 1356 652 1416 interea
679 1376 747 1416 cum
773 1357 907 1415 Eumaeo
935 1373 1024 1431 super
1050 1373 1152 1414 cenam

148 1444 273 1504 consilia
295 1445 410 1504 confert
427 1445 463 1504 de
481 1444 664 1521 profectione
683 1446 714 1504 in
737 1445 854 1521 urbem;
878 1444 967 1503 simul
990 1444 1025 1502 de
1048 1462 1152 1519 paren-

148 1533 229 1592 tibus
253 1532 314 1591 suis
338 1532 508 1593 sciscitatur
530 1537 560 1593 et
583 1534 619 1593 de
641 1534 739 1611 priore
762 1535 885 1593 fortuna
907 1533 1002 1609 ipsius
1029 1523 1150 1613 (301-

150 1614 241 1703 388):
270 1622 324 1698 qui
349 1623 466 1681 natales
493 1641 562 1682 suos
589 1625 710 1681 enmat
738 1625 829 1698 atque
856 1624 892 1680 ut
919 1622 1018 1680 infans
1041 1620 1154 1680 olima

148 1710 346 1769 Phoenicibus
374 1730 409 1769 ax
435 1710 535 1769 insula
563 1710 650 1787 Syria
677 1715 783 1787 raptus
810 1714 842 1769 et
863 1710 989 1769 Laertae
1014 1709 1154 1769 venditus

148 1798 189 1857 sit
212 1790 425 1880 (sae-495).
466 1799 532 1858 Iam
555 1800 713 1876 appulsam
731 1818 838 1858 navem
856 1817 942 1858 suam
960 1798 1154 1857 Telemachus

148 1887 187 1947 ad
213 1887 317 1947 urbem
344 1886 455 1965 mittit,¹
480 1888 732 1964 Theoclymenum
759 1887 879 1947 cuidam
905 1887 1053 1946 sociorum
1076 1906 1154 1945 com·

148 1975 281 2053 mandat,
305 1976 369 2052 ipse
396 1978 499 2035 autem
520 1976 636 2037 diverso
659 1976 766 2036 itinere
789 1975 827 2035 ad
849 1977 1017 2035 Eumaeum
1039 1973 1154 2051 profici·

148 2064 242 2124 scitur
263 2057 477 2147 (ssa-557).

609 2218 696 2284 XVI.

214 2330 319 2389 Redux
341 2330 379 2388 ab
401 2330 508 2388 itinere
531 2330 725 2389 Telemachus
748 2331 884 2391 venitin
907 2348 1007 2390 casam
1028 2329 1155 2387 Eumaei

150 2409 297 2497 (1—41).
342 2418 390 2476 Ibi
415 2418 546 2494 primum
573 2437 642 2477 cum
672 2421 758 2494 patre
791 2420 887 2479 adhuc
919 2418 997 2478 senis
1028 2418 1155 2477 mendici

149 2524 305 2581 personam
331 2509 451 2585 gerente
479 2506 645 2567 collocutus
673 2510 704 2566 et
731 2508 923 2567 domesticam
951 2506 1154 2566 calamitatem

149 2597 329 2671 conquestus
351 2595 519 2654 Eumaeum
542 2594 656 2654 reditus
680 2596 727 2654 sui
750 2597 891 2655 nuntium
913 2596 1010 2654 mittit
1032 2595 1070 2653 ad
1092 2614 1153 2653 ma-

149 2686 225 2742 trem
252 2676 443 2765 (la-153).
488 2683 537 2743 Ita
563 2683 620 2742 soli
646 2702 715 2743 cum
742 2688 826 2763 sunt,
854 2684 1005 2743 Minervae
1032 2682 1154 2743 numine

149 2771 265 2831 iuvenis
294 2772 429 2831 redditus
456 2771 558 2831 Ulixes
586 2791 604 2830 a
630 2771 692 2831 filio
720 2775 806 2848 pater
832 2772 1005 2851 agnoscitur
1031 2765 1151 2852 (154-

152 2851 243 2940 239);
266 2880 335 2919 mox
357 2879 426 2919 cum
448 2880 482 2920 eo
506 2860 541 2920 de
564 2859 652 2919 caede
675 2879 834 2937 procorum
852 2860 996 2919 deliberat
1014 2864 1053 2938 et,
1076 2879 1153 2936 quae

150 2947 285 3025 deinceps
308 2948 388 3008 domi
411 2949 527 3027 agenda
549 2949 624 3027 sint,
648 2950 824 3024 praesciibit
847 2941 1059 3031 (alo—321).
1105 2949 1154 3007 In·

149 3036 237 3100 terim
273 3037 383 3113 aliquis
415 3036 563 3097 sociorum
595 3037 764 3097 Telemachi
800 3058 837 3097 ex
867 3038 938 3097 navi
969 3038 1001 3096 in
1031 3040 1153 3114 portum

148 3125 231 3184 urbis
253 3125 371 3186 invecta
396 3127 485 3184 simul
512 3145 580 3185 cum
602 3126 736 3186 Eumaeo
763 3126 885 3185 nuntiat
906 3126 1072 3202 Penelopae
1095 3127 1153 3185 sal·

148 3233 221 3273 vum
241 3214 397 3275 revertisse
419 3214 515 3273 filium
533 3206 746 3295 (aaa—341).
782 3215 845 3273 Nec
867 3214 963 3273 multo
986 3217 1055 3290 post
1076 3215 1154 3273 redit

148 3302 233 3363 navis
264 3303 464 3380 speculatoria
495 3322 665 3381 procorum,
698 3303 751 3379 qui
781 3303 874 3361 initis
905 3302 1021 3361 insidiis
1052 3302 1154 3362 dolent

149 3393 268 3468 iamque
299 3391 330 3450 in
363 3392 499 3453 contione
531 3392 566 3450 dc
590 3392 765 3451 Telemacho
796 3390 952 3451 occidendo
980 3410 1058 3451 nova
1085 3410 1153 3451 oon-

148 3480 217 3539 silia
247 3480 353 3539 ineunt
384 3471 596 3561 (342—·4os).
643 3478 757 3551 Quibus
789 3480 828 3539 ad
855 3498 885 3538 se
912 3479 1035 3555 perlatis
1061 3478 1151 3537 Pene-

147 3572 216 3645 lope
233 3569 265 3627 in
282 3568 415 3629 virorum
432 3571 611 3630 conventum
628 3567 767 3646 degressa
789 3588 824 3628 eo
846 3566 965 3626 nomine
986 3566 1151 3625 Antinoum

201 3678 301 3718 Honm
315 3677 424 3719 Onxssnn
459 3679 475 3717 Ι,
975 3665 993 3717 b
