2642 3917
160 205 224 271 178
534 209 743 263 ΟΔΤΣΣΕΙΑΣ
760 212 795 261 Δ.

159 345 230 415 ἀλλ’
256 349 275 417 ό
298 347 359 435 μὲν
381 350 418 416 έν
442 353 536 436 Θήβη
558 352 756 440 πολυηράτῳ
780 353 881 434 άλγεα
902 352 1038 436 πάσχων
1117 368 1168 417 2⁷5

159 458 337 541 Καδμείων
357 457 483 540 ἤνασσε
504 463 596 523 θεῶν
619 457 718 535 ὀλοάς
741 458 797 523 διά
819 457 957 541 βουλάς·

158 561 178 645 ή
203 559 234 627 δ
260 564 319 647 ἔβη
341 564 389 639 είς
408 559 520 628 Ἀίδαο
547 564 716 649 πυλάρταο
738 573 927 649 κρατεροῖο,

159 666 309 753 ἁψαμένη
334 671 458 754 βρόχον
481 672 583 735 αἰπύν
606 667 664 754 ἀφ’
690 668 833 753 ύύηλοῖο
856 669 1044 753 μελάθρου,
1160 667 1162 671 ’

159 765 281 862 βάχει
302 773 464 860 σχομένη·
503 784 549 863 τῷ
573 772 604 840 δ’
631 776 732 857 ἀλγεα
754 771 884 856 κάλλιπ’
911 774 1037 839 ὀπίσσω

158 880 265 945 πολλὰ
287 878 377 964 μάλ’,
400 880 484 946 ὅσσα
505 904 540 946 τε
563 881 686 966 μητρός
708 879 837 966 ἐρινύες
859 877 1076 946 ἐκτελέουσιν.
1117 890 1169 944 εσυ

202 983 257 1050 καὶ
281 990 413 1071 Χλῶριν
436 981 529 1052 εἶδον
551 984 764 1072 περικαλλέα,
788 988 851 1070 τήν
872 1007 951 1050 ποτε
974 984 1109 1069 Νηλεύς

157 1098 263 1174 γήμεν
285 1090 342 1157 ἑὸν
364 1093 420 1158 διδ
441 1093 577 1176 κάλλος,
601 1090 672 1158 ἐπεὶ
695 1094 777 1177 πόρε
801 1094 904 1177 μυρία
927 1090 1023 1174 ἕδνα,

159 1195 344 1281 ὁπλοτάτην
366 1198 493 1283 κούρην
512 1197 690 1284 Ἀμφίονος
710 1195 870 1281 Ἰασίδαο,

158 1301 195 1379 ὅς
217 1300 290 1368 ποτ’
317 1303 354 1369 ἐν
374 1302 557 1393 Ὀρχομενῷ
580 1307 735 1394 Μινυείφ
760 1299 812 1389 ἶφι
835 1305 992 1370 ἄνασσεν·

158 1406 179 1490 ή
203 1404 240 1472 δέ
264 1409 382 1474 Πύλου
405 1412 575 1494 βασίλευε,
597 1407 692 1476 τέκεν
714 1407 754 1475 δέ
774 1409 814 1475 οδ
830 1408 935 1490 ἀγλαά
956 1407 1071 1491 τέκνα,
1117 1425 1169 1474 εεσ

158 1511 313 1600 Νέστορά
333 1537 369 1579 τε
392 1518 541 1601 Χρομίον
562 1539 597 1581 τε
621 1516 872 1602 Περικλύμενόν
893 1512 923 1580 τ’
949 1512 1126 1601 ἀγέρωχον.

147 1629 245 1684 τοῖσι
268 1615 298 1683 δ’
326 1616 375 1684 ἐπ’
403 1621 549 1705 ἰφθίμην
572 1622 676 1707 Πηρὼ
698 1619 786 1704 τέκε,
808 1625 924 1704 θαῦμα
947 1624 1132 1707 βροτοῖσιν,

158 1724 221 1806 τήν
242 1725 362 1802 πάντες
384 1726 535 1808 μνώοντο
558 1728 755 1810 περικτίται·
778 1723 851 1791 οὐδ’
878 1726 943 1811 άρα
966 1728 1099 1810 Νηλεύς

158 1839 203 1919 τῷ
227 1829 356 1912 ἐδίδου,
380 1828 416 1907 ὃς
439 1833 483 1914 μή
506 1830 615 1908 ἕλικας
636 1833 717 1915 βόας
739 1831 992 1917 εὐρυμετώπους

159 1935 195 2001 ἐκ
221 1937 376 2020 Φυλάκης
398 1935 524 2002 ἐλάσειε
546 1939 621 2021 βίης
640 1934 838 2022 Ἰφικληείης
1116 1953 1169 2002 290

159 2039 328 2127 ἀργαλέας.
373 2043 431 2119 τὰς
454 2041 485 2107 δ’
512 2037 583 2120 οἷος
604 2041 764 2127 ὑπέσχετο
787 2044 903 2128 μάντις
926 2042 1066 2128 ἀμύμων

159 2147 307 2228 ἐξελάαν·
330 2149 454 2232 χαλεπή
479 2144 516 2214 δὲ
537 2154 623 2215 θεοῦ
645 2149 729 2213 κατά
750 2159 850 2235 μοῖρα
872 2147 1030 2233 πέδησεν,

159 2255 278 2338 δεσμοί
296 2251 325 2318 τ’
352 2253 507 2339 ἀργαλέοι
529 2253 585 2320 καί
607 2256 764 2338 βουκόλοι
787 2254 973 2340 ἀγροιῶται.

159 2357 230 2425 ἀλλ’
257 2359 310 2425 ὅτε
334 2360 375 2443 δή
399 2358 499 2444 μήνές
519 2382 555 2425 τε
577 2358 633 2425 καὶ
654 2358 773 2445 ήμέραι
796 2359 1000 2439 ἐξετελεῦντο

159 2463 205 2544 ἀγ
227 2464 501 2550 περιτελλομένου
523 2467 612 2543 ἔτεος
637 2464 694 2531 καὶ
716 2466 888 2550 ἐπήλυθον
910 2461 1009 2551 ὧραι,
1115 2481 1167 2532 295

158 2570 214 2636 καὶ
234 2573 307 2636 τότε
331 2571 373 2653 δή
396 2594 454 2654 μιν
476 2573 572 2636 ἔλυσε
594 2573 650 2656 βίη
672 2569 848 2656 Ἰφικληείη

158 2676 313 2762 θέσφατα
335 2673 430 2741 πάντ’
457 2679 607 2759 εἰπόντα,
630 2677 715 2753 Διὸς
737 2674 768 2741 δ’
794 2675 950 2743 ἐτελείετο
972 2681 1087 2763 βουλή.

201 2781 257 2848 καὶ
278 2783 396 2866 Λήδην
419 2777 511 2848 εἶδον
538 2782 599 2865 τήν
626 2779 820 2867 Τυνδαρέου
841 2783 1051 2867 παράκοιτιν,

158 2890 179 2973 ή
203 2886 233 2975 ῥ’
258 2888 324 2953 ὑπὸ
351 2885 529 2976 Τυνδαρέῳ
552 2890 797 2973 κρατερόφρονε
819 2889 952 2969 γείνατο
974 2891 1086 2973 παῖδε,

161 2995 314 3079 Κάστορά
327 2990 364 3057 θ’
381 2993 570 3078 ἱππόδαμον
582 2992 638 3058 καὶ
650 2994 714 3073 πὺξ
731 2992 861 3075 ἀγαθὸν
871 2996 1099 3079 Πολυδεύκεα,
1114 3013 1166 3061 ³00

157 3103 236 3176 τοὺς
259 3102 357 3184 ἀμφω
382 3101 485 3178 ζωούς
506 3095 633 3183 κατέχει
655 3101 814 3183 φυσίζοος
835 3094 905 3164 αἶα·

158 3209 194 3271 οἳ
212 3203 268 3271 καὶ
290 3203 413 3290 νέρθεν
435 3212 495 3287 γής
517 3204 616 3288 τιμήν
637 3205 720 3289 πρὸς
744 3205 852 3287 Ζηνὸς
874 3206 1003 3288 ἔχοντες

159 3311 275 3376 άλλοτε
298 3304 359 3393 μὲν
383 3307 499 3388 ζύουσ
525 3305 726 3394 ἑτερήμεροι,
748 3310 864 3374 άλλοτε
888 3307 919 3374 δ’
945 3304 1023 3376 αὖτε

158 3421 331 3482 τεθνᾶσιν·
353 3415 452 3499 τιμήν
475 3411 512 3481 δέ
534 3417 730 3501 λελόγχασιν
754 3410 808 3481 ἶσα
829 3422 970 3482 θεοῖσιν.

202 3522 264 3603 τήν
287 3516 323 3585 δέ
346 3518 414 3605 μετ’
437 3519 636 3605 Ἰφιμέδειαν
660 3520 803 3605 Ἀλωῆος
824 3523 1019 3609 παράκοιτιν
1112 3540 1164 3590 305
