2642 3917
482 151 691 202 ΟΔΤΣΣΕΙΑΣ
710 151 755 204 IV.
1081 147 1125 210 65

113 293 155 374 δὴ
180 294 252 358 τότε
275 294 483 377 κοιμήθημεν
506 291 559 358 ἐπὶ
582 292 717 378 βηγμῖνι
739 292 920 375 θαλάσσης.
1072 306 1124 356 ⁶75

114 392 197 480 ἦμος
221 395 252 462 δ’
279 397 445 482 ἠριγένεια
469 399 559 482 φάνη
583 398 828 484 ῥοδοδάκτυλος
848 395 948 480 Ἠώς,
1003 439 1006 446 r

113 511 196 586 νῆας
218 500 279 588 μὲν
303 505 505 589 πάμπρωτον
528 503 714 588 ἐρύσσαμεν
737 506 783 580 είς
806 503 869 568 δίλα
891 504 983 586 δῖαν,

113 608 149 673 έν
174 607 205 672 δ’
233 610 344 686 ίστοὺς
367 608 551 694 τιθέμεσθα
573 607 629 675 καὶ
653 610 739 674 ίστία
762 607 884 694 νηυσὶν
906 609 1011 694 ἐίσης,

114 713 156 779 ἂν
180 711 216 779 δὲ
238 713 294 780 καὶ
317 714 413 780 αὐτοὶ
436 717 553 798 βάντες
576 714 629 780 ἐπὶ
651 721 762 800 κληῖσι
784 718 938 797 καθῖζον,

114 819 186 903 ἑξῆς
210 819 242 886 δ’
269 820 415 906 ἑζόμενοι
437 823 558 905 πολιην
581 822 644 886 ἅλα
666 822 791 886 τύπτον
814 820 969 904 ἐρετμοῖς.
1071 837 1124 885 σεο

113 924 159 1017 δύ
183 924 215 990 δ’
242 929 289 1005 είς
311 929 497 1012 Αἰγύπτοιο
527 926 688 1004 διιπετέος
710 937 871 1011 ποταμοῖο

113 1041 216 1116 στῆσα
237 1032 314 1110 νέας
336 1032 391 1099 καὶ
415 1034 508 1119 ἔρεξα
531 1031 707 1116 τεληέσσας
730 1031 918 1116 ἑκατόμβας.

113 1136 218 1222 αύτδιρ
242 1138 311 1205 ἐπεὶ
333 1139 522 1206 κατέπαυσα
544 1145 635 1204 θεῶν
658 1140 759 1222 χόλου
782 1135 855 1204 αίλν
877 1138 1016 1221 ἐόντων,

112 1242 181 1327 χεῦ’
205 1242 422 1329 Ἀγαμέμνονι
444 1246 586 1329 τύμβον,
610 1243 654 1309 ἵν’
681 1245 843 1326 άσβεστον
865 1242 959 1321 κλέος
982 1250 1042 1327 είη.

112 1358 214 1414 ταῦτα
235 1353 431 1434 τελευτήσας
453 1353 592 1435 νεόμην,
616 1351 738 1415 ἔδοσαν
762 1349 802 1414 δέ
821 1374 877 1434 μοι
900 1345 1004 1435 οὖρον
1069 1364 1120 1414 ⁶85

113 1454 291 1539 ἀθάνατοι,
309 1460 365 1521 τοί
385 1455 418 1540 μ’
445 1453 514 1522 ὦκα
537 1460 640 1541 φίλην
664 1455 697 1532 ἐς
719 1453 850 1540 πατρίδ’
877 1459 1033 1539 ἔπεμύαν.

113 1559 184 1624 ἀλλ’
212 1563 269 1644 άγε
291 1572 356 1627 νῦν
379 1562 548 1647 ἐπίμεινον
571 1561 621 1628 ἐνὶ
643 1563 839 1646 μεγάροισιν
863 1561 1007 1646 ἐμοῖσιν,

113 1667 202 1752 ὄφρα
224 1692 281 1733 κεν
303 1667 459 1752 ἑνδεκάτη
483 1692 517 1735 τε
541 1669 732 1751 δυωδεκάτη
755 1691 790 1732 τε
813 1666 961 1752 γένηται·

112 1771 167 1837 καὶ
189 1776 261 1839 τότε
284 1771 316 1839 σ’
342 1769 380 1840 εὖ
403 1773 535 1859 πέμψω,
560 1775 655 1840 δώσω
681 1772 721 1839 δέ
740 1796 792 1839 τοι
815 1773 921 1856 ἀγλαά
945 1776 1051 1858 δῶρα,

113 1890 199 1963 τρεῖς
221 1880 341 1957 ἵππους
364 1879 418 1945 καὶ
442 1882 566 1965 δίφρον
589 1880 605 1945 έ
617 1881 719 1960 ’ξοον
743 1881 847 1964 αύτδιρ
871 1882 980 1945 ἔπειτα
1070 1896 1121 1945 590

113 1986 208 2050 δώσω
232 1988 334 2052 καλὸν
357 1987 505 2069 άλεισον,
529 1988 585 2051 ἵνα
608 1985 803 2072 σπέυδησθα
826 1991 959 2051 θεοῖσιν

113 2090 293 2168 ἀθανάτοις
316 2090 435 2176 έμέθευ
457 2091 663 2176 μεμνημένος
685 2093 792 2176 ἤματα
814 2091 953 2157 πάντα.“

156 2198 215 2262 τὸν
237 2196 268 2263 δ’
295 2193 337 2262 αὖ
365 2195 553 2282 Τηλέμαχος
575 2197 783 2282 πεπνυμένος
806 2198 921 2263 άντίον
944 2198 1045 2281 ηὔδα·

113 2301 294 2388 ,,Ἀτρεΐδη,
317 2305 361 2388 μὴ
386 2305 428 2386 δή
451 2327 489 2387 με
512 2307 619 2369 πολὺν
642 2306 765 2388 χρόνον
788 2301 904 2369 ἐνθάδ’
931 2306 1035 2388 έρυιιε.

113 2407 167 2474 καὶ
185 2410 247 2492 γάρ
266 2408 297 2476 κ’
319 2412 366 2486 είς
385 2410 538 2475 ἐνιαυτὸν
557 2409 620 2495 έγδτ
638 2411 728 2495 παρὰ
747 2413 804 2475 σοί
814 2407 846 2492 γ’
866 2409 1044 2492 ἀνεχοίμην
1068 2424 1119 2473 59⁶

112 2516 246 2598 ἥμενος,
269 2514 351 2582 οὐδέ
371 2515 410 2581 κέ
430 2513 463 2599 μ’
490 2521 585 2581 οίκου
609 2515 679 2580 ἕλοι
701 2518 808 2592 πόθος
831 2512 910 2581 οὐδὲ
932 2517 1075 2598 τοκήων·

113 2624 212 2698 αίυῶς
234 2623 296 2707 γὰρ
320 2623 480 2705 μύθοισιν
503 2624 620 2687 έπεσσί
640 2646 675 2687 τε
698 2633 809 2687 σοῖσιν
832 2622 964 2687 άκούων

113 2726 284 2812 τέρπομαι·
316 2726 387 2792 ἀλλ’
413 2729 477 2811 ἥδη
500 2751 557 2812 μοι
581 2728 772 2806 ἀνιάζουσιν
795 2726 919 2812 ἑταῖροι

17 2897 21 2914 ‚
113 2833 150 2898 έν
173 2835 274 2921 Πύλςο
297 2832 440 2918 ἠγαθέη,
464 2837 506 2898 σὺ
530 2832 570 2898 δέ
590 2857 628 2918 με
651 2836 775 2918 χρόνον
798 2831 914 2898 ἐνθάδ’
941 2832 1074 2918 ἐρύκεις.

113 2943 222 3023 δῶρον
246 2937 290 3022 δ’,
314 2939 382 3004 ὅττι
404 2938 443 3005 κέ
463 2963 520 3023 μοι
543 2941 651 3023 δοίης,
674 2942 845 3023 κειμηλιον
867 2941 964 3004 έστω·
1067 2955 1119 3004 600

112 3049 232 3123 ἵππους
255 3043 285 3110 δ’
312 3048 359 3122 είς
379 3044 513 3129 Ἰθάκην
536 3045 597 3110 οὐκ
620 3046 755 3129 άξομαι,
779 3045 862 3110 ἀλλὰ
886 3043 940 3110 σοὶ
963 3045 1052 3133 αύτςό

112 3153 234 3218 ἐνθάδε
257 3155 358 3230 λείψω
382 3153 527 3235 άγαλμα·
560 3155 602 3216 σὺ
625 3153 689 3236 γάρ
711 3154 840 3232 πεδίοιο
864 3151 1018 3228 άνάσσεις

112 3257 239 3342 εὐρέος,
263 3249 289 3345 ᾧ
312 3260 362 3322 ένι
384 3253 445 3341 μὲν
468 3258 571 3333 λωτὸς
593 3258 712 3340 πολύς,
735 3256 772 3322 έν
795 3253 832 3322 δέ
854 3258 1012 3341 κύπειρον

110 3367 215 3449 πυροί
234 3387 268 3429 τε
292 3366 375 3442 ζειαί
394 3386 429 3427 τε
453 3360 497 3428 ἰδ’
524 3359 689 3447 εὐρυφυὲς
711 3373 769 3447 κρῖ
789 3365 916 3428 λευκόν.

111 3470 148 3535 έν
166 3468 197 3535 δ’
216 3467 328 3553 Ἰθάκη
347 3466 417 3534 οὔτ’
439 3467 480 3553 άρ
500 3470 619 3552 δρόμοι
637 3467 748 3552 εὐρέες
766 3469 842 3533 οὔτε
860 3492 893 3533 τι
907 3469 1041 3552 λειμών·
1065 3484 1116 3535 οοό

163 3584 187 3623 Η
188 3593 262 3622 οοοοο
277 3582 295 3622 0
298 3593 394 3623 εεεεεεε
421 3583 440 3622 1.
888 3579 903 3625 5
