2642 3917
501 199 710 251 οΔυΣΣωῙΑΣ
728 201 761 253 x.
1076 195 1138 260 167

28 349 39 376 ⁸
129 343 259 428 βόθρον
281 340 412 427 ὀρύξαι,
436 341 517 407 ὅσον
539 364 574 406 τε
597 341 783 424 πυγούσιον
805 343 890 406 ἔνθα
911 339 967 406 καὶ
988 343 1088 423 ἔνθα,

130 443 212 532 ἀμφ’
238 447 326 536 αὐτῷ
350 443 387 512 δὲ
408 447 492 531 χοῇν
513 452 647 531 χεῖσθαι
669 457 771 512 πᾶσιν
791 447 981 529 νεκύεσσιν,

129 563 241 638 πρῶτα
263 554 461 640 μελικρήτῳ,
484 551 653 636 μετέπειτα
677 548 713 618 δὲ
735 550 809 635 ηθέι
831 559 928 641 οίνφ,

128 660 166 723 τὸ
180 660 293 743 τρίτον
308 651 388 721 αὖθ’
404 656 515 721 ὕδατι·
530 654 583 721 ἐπὶ
597 650 628 721 θ’
645 656 768 740 ἀλφιτα
781 657 882 721 λευκὰ
895 657 1063 723 παλύνειν.
1087 673 1140 722 520

129 764 235 830 πολλὰ
258 759 295 828 δὲ
317 769 527 845 γουνοῦσθαι
549 761 679 827 νεκύων
702 760 850 845 ἀμενηνά
870 763 1014 848 κάρηνα,

129 868 240 935 ἐλθὼν
263 870 310 946 είς
329 863 464 952 Ἰθάκην
487 878 620 954 στεῖραν
642 871 743 952 βοῦν,
766 868 787 951 ἥ
809 891 859 946 τις
882 867 1015 954 ἀρίστη,

129 974 236 1062 ῥέξειν
258 974 295 1040 ἐν
317 975 489 1060 μεγάροισι
516 975 627 1059 πυρήν
647 967 677 1038 τ’
704 970 909 1058 ἐμπλησέμεν
931 973 1074 1057 ἐσθλῶν,

133 1081 283 1166 Τειρεσίη
305 1075 338 1145 θ’
362 1079 553 1145 ἀπάνευθεν
576 1079 629 1144 όιν
652 1077 842 1164 ἱερευσέμεν
864 1085 924 1168 οίφ

128 1180 325 1271 παμμέλαν’,
349 1184 386 1263 ὃς
407 1187 541 1270 μηλοισι
563 1183 761 1270 μεταπρέπει
783 1182 1000 1271 ὑμετέροισιν.
1087 1202 1139 1252 525

129 1291 234 1378 αὐτὰρ
258 1291 341 1375 ἐπην
364 1291 480 1377 εὐχῇσι
503 1294 579 1376 λίση
602 1293 705 1356 κλυτὰ
728 1294 829 1357 ἔθνεα
850 1303 993 1378 νεκρῶν,

129 1392 203 1463 ἔνθ’
229 1399 282 1464 όιν
305 1398 440 1483 ἀρνειὸν
463 1395 567 1483 ῥέζειν
589 1397 702 1480 θῆλύν
723 1419 759 1463 τε
781 1396 940 1481 μέλαιναν

129 1506 177 1581 είς
199 1506 312 1588 ἔρεβος
335 1501 492 1589 στρέψας,
515 1503 615 1580 αὐτὸς
637 1499 669 1568 θ’
694 1503 863 1587 ἀπονόσφι
884 1502 1070 1590 τραπέσθαι

131 1608 259 1695 ίίμενος
281 1618 442 1694 ποταμοῖο
466 1609 590 1697 ῥοάων·
613 1612 699 1674 ἔνθα
723 1605 760 1674 θέ
781 1607 902 1674 πολλοὶ

129 1713 232 1800 ψυχαὶ
255 1715 445 1781 ἐλεύσονται
467 1715 596 1780 νεκύων
618 1715 909 1798 κατατεθνηώτων.
1088 1733 1139 1782 530

130 1823 172 1906 θη
195 1816 262 1888 τότ’
289 1817 395 1887 ἔπειθ’
420 1819 586 1907 ἑτάροισιν
610 1820 789 1907 ἐποτρῦναι
810 1819 866 1886 καὶ
888 1820 1012 1901 ἀνῶξαι

129 1927 294 2011 μῆλα,τά
317 1926 359 2009 δὴ
381 1921 543 1992 κατάκειτ’
568 1925 758 2011 ἐσφαγμένα
781 1925 875 2009 νηλέι
897 1931 1022 2016 χαλκῇ,

130 2033 303 2118 δείραντας
325 2041 499 2115 κατακῆαι,
523 2031 725 2112 ἐπεύξασθαι
748 2028 785 2097 δὲ
806 2039 954 2116 θεοῖσιν,

132 2139 262 2225 ίφθίμφ
284 2132 314 2202 τ’
335 2135 428 2222 ’Λίδη
450 2136 505 2202 καὶ
529 2137 645 2222 ἐπαινῇ
670 2142 914 2225 Περσεφονείῃ·

130 2242 229 2321 αὐτὸς
253 2239 289 2307 δέ
313 2243 408 2327 ξίφος
430 2241 489 2322 όξῦ
512 2241 735 2329 ἐρυσσάμενος
757 2245 845 2331 παρά
867 2254 975 2330 μηροῦ
1088 2264 1139 2312 535

3 2342 6 2346 ⁵
129 2344 249 2432 ἧσθαι,
272 2344 356 2433 μηδὲ
378 2347 436 2414 ἐᾶν
458 2349 588 2414 νεκύων
610 2348 757 2434 ἀμενηνά
779 2351 907 2436 κάρηνα

130 2455 266 2539 αἳματος
288 2449 394 2520 άσσον
417 2460 505 2539 ἴμεν,
527 2451 607 2539 πρὶν
634 2458 803 2541 Τειρεσίαο
826 2455 1006 2522 πυθέσθαι.

130 2564 215 2626 ἐνθα
237 2584 289 2626 τοι
312 2559 429 2625 αὐτίκα
451 2561 568 2644 μάντις
591 2559 773 2644 ἐλεύσεται,
797 2561 918 2647 ὄρχαμε
942 2567 1046 2646 λαῶν,

130 2667 167 2744 ὃς
188 2665 246 2732 κέν
268 2689 321 2732 τοι
344 2672 475 2751 είπησιν
498 2665 581 2732 ὁδὸν
602 2663 657 2732 καὶ
680 2665 782 2752 μέτρα
803 2667 968 2733 κελεύθου

129 2775 251 2838 νόστον
273 2769 325 2854 θ’,
349 2772 393 2848 ὡς
417 2769 471 2837 ἐπὶ
493 2774 616 2838 πόντον
640 2770 788 2838 ἐλεύσεαι
812 2773 1011 2856 ἰχθυόεντα(
1087 2790 1139 2840 540

175 2872 219 2954 ὧς
241 2875 349 2962 ἐφατ’,
372 2879 490 2944 αὐτίκα
513 2874 550 2943 δὲ
573 2881 804 2964 χρυσόθρονος
825 2879 954 2961 ῇλυθεν
973 2877 1066 2957 Ἠώς.

131 2980 216 3067 ἀμφί
239 2981 278 3048 δέ
298 3007 338 3067 με
360 2985 499 3068 χλαῖνάν
521 3007 556 3049 τε
578 2984 701 3068 χιτῶνά
722 3006 758 3049 τε
781 2984 896 3067 εἵματα
917 2983 1028 3051 ἕσσεν·

130 3089 212 3172 αὐτῇ
237 3087 267 3155 δ’
294 3089 464 3175 ἀργύφεον
488 3101 594 3176 φάρος
616 3089 699 3174 μέγα
721 3088 839 3154 ἕννυτο
862 3090 992 3175 νύμφη,

130 3196 249 3261 λεπτὸν
270 3193 326 3260 καί
348 3199 478 3281 χαρίεν,
501 3195 576 3282 περὶ
599 3192 636 3261 δέ
660 3195 766 3278 ζώνην
788 3192 897 3278 βάλετ’
925 3195 995 3274 ίξυλ

129 3302 234 3385 καλην
256 3303 429 3386 χρυσείην,
451 3306 579 3386 κεφαλῇ
603 3299 634 3367 θ’
661 3299 802 3385 ἐπέθηκε
824 3303 1022 3388 καλύπτρην.
1086 3319 1138 3368 545

130 3406 234 3493 αὐτὰρ
257 3405 320 3490 ἐγὼ
345 3407 400 3471 διὰ
424 3404 546 3490 θύματ’
574 3407 634 3471 ίὼν
657 3407 808 3491 ὤτρυνον
831 3404 981 3491 ἑταίρους

129 3514 302 3598 μειλιχίοις
324 3512 454 3579 ἐπέεσσι
476 3513 689 3598 παρασταδὸν
712 3512 819 3597 ἄνδρα
841 3510 993 3576 ἕκαστον·
