2642 3917
513 196 721 247 οενεειιιιν
739 197 791 249 111.
1111 192 1155 255 31

141 336 181 403 ἐν
203 338 359 423 μεγάροις
381 335 494 422 ἀέκητι
517 336 618 405 σέθεν
640 338 724 403 κακά
746 338 1006 423 μηχανάασθαι·

142 440 216 509 είπέ
236 465 308 527 μοι,
331 438 369 526 ήέ
393 441 477 509 ἑκὼν
500 442 747 528 ὑποδάμνασαι,
770 439 791 527 ή
815 442 855 510 σέ
874 467 912 527 γε
934 439 1009 509 λαοί

142 545 335 634 ἐχθαίρουό
362 547 426 613 ἀνά
450 550 572 634 δήμου,
596 547 811 633 ἐπισπόμενοι
832 555 917 615 θεοῦ
940 549 1040 633 ὀμφῇ.
1101 564 1154 613 215

141 658 191 731 τίς
215 651 245 719 δ’
273 648 352 737 οἶδ’,
376 659 410 719 εί
428 652 468 720 κέ
487 652 570 720 ποτέ
590 672 651 739 σφι
674 657 749 738 βίαις
771 654 960 722 ἀποτίσεται
983 653 1109 737 ἐλθόν,

140 759 162 844 ἢ
186 759 264 843 ὅγε
288 769 413 844 μοῦνος
435 759 500 826 ἐὼν
523 760 542 844 ή
566 758 621 826 καὶ
645 760 833 845 σύμπαντες
852 758 985 846 Ἀχαιοί

141 868 173 933 εί
194 866 258 952 γάρ
281 863 313 931 σ’
340 860 385 943 όνς
407 864 519 932 ἐθέλοι
542 864 671 951 φιλέειν
692 870 881 950 γλαυκῶπις
900 865 1042 951 Ἀθήνη,

141 972 187 1049 ὣς
209 969 276 1037 τότ’
300 968 479 1055 Ὀδυσσῆος
501 973 695 1056 περικήδετο
718 972 913 1057 κυδαλίμοιο

142 1077 235 1167 δήμφ
260 1079 311 1143 ἐνι
338 1077 477 1163 Τρώων,
501 1077 559 1142 ὅθι
582 1078 752 1161 πάσχομεν
775 1075 868 1161 ἄλγε’
889 1075 1027 1162 Ἀχαιοί·
1101 1096 1153 1145 ννο

141 1183 184 1248 οὐ
205 1183 270 1269 γάρ
293 1204 344 1248 πω
369 1184 445 1249 ίδον
468 1178 533 1249 ὧδε
556 1185 658 1260 θεοὺς
681 1182 860 1268 ἀναφανδά
883 1188 1078 1268 φιλεῦντας,

141 1290 187 1367 ὡς
209 1293 307 1377 κείνῳ
331 1287 510 1373 ἀναφανδά
532 1291 713 1374 παρίστατο
737 1289 873 1366 Παλλάς
893 1286 1032 1374 Ἀθήνη·

141 1401 176 1461 εί
194 1390 225 1461 σ’
253 1394 358 1471 οὕτως
382 1393 494 1460 ἐθέλοι
516 1392 645 1479 φιλέειν
668 1396 803 1478 κήδοιτό
825 1417 861 1460 τε
883 1400 997 1483 θυμῷ·

141 1509 187 1589 τῷ
211 1498 268 1565 κέν
290 1523 341 1577 τις
363 1503 484 1565 κείνων
505 1522 543 1583 γε
565 1497 621 1565 καὶ
645 1498 858 1566 ἐκλελάθοιτο
881 1501 1033 1585 γάμοιο.“

185 1606 245 1670 τὸν
268 1603 300 1669 δ’
326 1599 369 1671 αὖ
397 1604 585 1690 Τηλέμαχος
606 1604 815 1690 πεπνυμένος
836 1605 951 1673 ἀντίον
973 1608 1073 1691 ηὔδα·
1100 1624 1153 1673 ‘225

142 1706 191 1794 ,,ἀ)
213 1709 329 1796 γέρον,
353 1712 394 1777 οὔ
416 1733 467 1777 πω
490 1721 589 1777 τοῦτο
612 1713 690 1789 έπος
712 1710 884 1777 τελέεσθαι
906 1711 980 1778 ὀίω·

140 1820 218 1901 λίην
240 1817 303 1903 γάρ
327 1816 410 1901 μέγα
432 1812 533 1895 εἶπες·
565 1817 629 1901 ἀγη
652 1814 686 1902 μ’
713 1820 787 1902 ἔχει
834 1819 896 1884 οὐκ
918 1816 961 1883 ἀν
983 1817 1060 1905 ἐμοί
1076 1843 1114 1904 γε

141 1920 310 2012 έλπομέυςο
334 1924 374 1989 τὰ
396 1921 533 2006 γένοιτ’,
557 1920 631 1989 οὐδ’
658 1924 691 1987 εί
710 1921 787 1989 θεολ
810 1918 855 2001 ἀς
877 1922 1059 1991 έθέλοιεν.“

185 2029 245 2093 τὸν
268 2025 299 2094 δ’
327 2022 404 2094 αὖτε
427 2026 600 2114 προσέειπε
623 2028 705 2112 θεά,
727 2033 916 2111 γλαυκῶπις
934 2027 1073 2114 Ἀθήνη·

142 2132 350 2219 ,,Τηλέμαχε,
373 2138 472 2200 ποῖόν
494 2152 531 2200 σε
554 2138 632 2211 ἐπος
655 2134 762 2218 φάγεν
785 2133 881 2220 ἕρκος
902 2135 1059 2201 ὀδόντων.
1100 2154 1152 2203 230

142 2239 215 2326 όεῖα
237 2242 317 2317 θεός
339 2236 371 2323 γ’
398 2238 526 2306 ἐθέλων
549 2238 604 2305 καὶ
626 2242 772 2323 τηλόθεν
794 2241 900 2326 ἀνδρα
923 2242 1059 2307 σαώσαι.

141 2347 327 2430 βουλοίμην
350 2343 381 2412 δ’
411 2344 453 2411 διν
476 2345 539 2429 ἐγώ
562 2368 599 2429 γε
623 2344 678 2411 καὶ
701 2346 802 2429 ἀλγεα
823 2347 930 2411 πολλά
952 2349 1100 2431 μογήσας

142 2449 258 2517 οίκαδέ
277 2450 307 2517 τ’
334 2450 510 2536 ἐλθέμεναι
532 2449 588 2517 καλ
610 2454 770 2536 νόστιμον
791 2447 878 2538 ήμαρ
902 2450 1050 2536 ἰδέσθαι,

141 2555 162 2639 ή
187 2555 298 2622 ἐλθὼν
320 2555 506 2623 ἀπολέσθαι
529 2554 695 2642 ἐφέστιος,
718 2557 763 2635 ὡς
782 2554 994 2643 Ἀγαμέμνων

142 2660 242 2727 ὤλεθ’
271 2660 327 2727 ὑπ’
354 2665 535 2746 Αἰγίσθοιο
559 2664 646 2751 δόλφ
669 2660 725 2728 καί
747 2657 786 2746 ής
809 2662 951 2748 ἀλόχοιο.
1099 2680 1152 2731 νει

142 2765 214 2834 ἀλλ’
239 2763 261 2851 ἦ
284 2791 336 2833 τοι
358 2769 509 2835 θάνατον
532 2765 592 2853 μὲν
615 2768 747 2853 ὁμοίιον
769 2764 850 2834 οὐδὲ
871 2772 952 2835 θεοί
970 2792 1032 2857 περ

141 2870 197 2938 καὶ
220 2875 307 2963 φίλφ
331 2872 430 2960 ἀνδρὶ
453 2876 613 2940 δύνανται
636 2873 833 2958 ἀλαλκέμεν,
857 2875 978 2941 ὁππότε
1001 2899 1060 2941 κεν
1083 2877 1125 2961 δή

142 2975 230 3064 μοῖρ’
257 2977 338 3062 ὀλοὴ
361 2978 522 3065 καθέλησι
544 2978 741 3064 τανηλεγέος
762 2982 956 3046 θαυάτοιο.“

185 3084 248 3169 τήν
270 3082 301 3150 δ’
329 3079 372 3150 αὖ
399 3083 586 3170 Τηλέμαχος
609 3084 817 3171 πεπνυμένος
840 3085 955 3153 ἀντίον
977 3089 1078 3171 ηὔδα·

141 3189 315 3275 ,,Μέντορ,
338 3188 452 3275 μηκέτι
474 3200 577 3256 ταῦτα
600 3191 774 3275 λεγώμεθα
796 3193 978 3275 κηδόμενοί
996 3212 1072 3280 περ·
1099 3211 1151 3260 240

140 3298 239 3385 κείνῳ
263 3293 295 3363 δ’
322 3295 432 3362 οὐκέτι
454 3299 573 3373 νόστος
595 3295 768 3381 ἐτήτυμος,
792 3296 876 3363 ἀλλά
899 3299 934 3363 οί
953 3298 1017 3383 ἤδη

140 3398 325 3488 φράσσαντ’
352 3401 515 3469 ἀθάνατοι
537 3403 689 3469 θάνατον
710 3401 765 3468 καί
787 3412 873 3489 κήρα
895 3402 1062 3487 μέλαιναν.

140 3516 204 3575 νῦν
227 3506 258 3575 δ’
285 3507 391 3575 ἐθέλω
414 3510 492 3586 ἐπος
514 3510 595 3574 ἄλλο
618 3511 818 3593 μεταλλῆσαι
841 3507 896 3573 καὶ
919 3508 1055 3589 ἐρέσθαι
