2642 3917
486 193 693 245 ΟΔΤΣΣΕΙΑΣ
712 195 773 244 XII.
1077 189 1139 252 193

131 347 188 422 τῆς
211 333 232 421 ή
255 360 307 402 τοι
330 338 429 413 πόδες
452 334 516 402 εἰσὶ
540 337 691 401 δυώδεκα
713 336 832 412 πάντες
855 337 972 421 άωροι,

132 442 165 522 ’ἐξ
189 441 228 508 δέ
248 441 286 508 τέ
306 445 342 508 οί
362 440 469 528 δειραὶ
491 444 698 526 περιμήκεες,
722 441 759 507 ἐν
782 438 818 506 δὲ
842 441 960 526 ἑκάστη
1106 457 1140 504 οο

7 565 9 596 ³
133 547 316 634 σμερδαλέη
338 550 481 632 κεφαλή,
506 547 542 612 ἐν
566 545 602 612 δὲ
624 549 805 632 τρίστοιχοι
828 546 961 623 ὀδόντες

133 652 253 720 πυκνοὶ
276 652 330 719 καὶ
353 653 489 738 θαμέες,
513 658 620 718 πλεῖοι
639 651 780 746 μέλαγος
801 653 972 718 θανάτοιο.

133 761 235 846 μέσση
259 759 319 845 μέν
341 783 375 824 τε
397 760 479 824 κατά
502 761 636 834 σπείους
659 760 785 824 κοίλοιο
809 756 963 841 δέδυκεν,

134 868 193 946 ἔξω
217 865 247 932 δ’
274 865 392 948 ἐξίσχει
415 865 560 948 κεφαλὰς
583 865 708 929 δεινοῖο
731 863 911 949 βερέθρου,

134 974 237 1038 αὐτοῦ
261 970 291 1038 δ’
319 972 457 1058 ἰχθυάᾳ,
482 973 644 1036 σκόπελον
667 971 938 1054 περιμαιμώωσα,
1106 985 1140 1034 οε

134 1080 349 1164 δελφῖνάς-τε
372 1078 474 1154 κύνας
496 1100 547 1160 τε,
570 1075 624 1142 καὶ
647 1082 681 1142 εί
699 1082 783 1142 ποθι
806 1079 917 1160 μεῖζον
939 1074 1053 1160 έλησιυ

133 1194 245 1269 κήτος,
269 1185 290 1250 ἀ
313 1187 415 1270 μυρία
437 1187 551 1268 βόσκει
575 1183 757 1266 ἀγάστονος
776 1181 977 1267 Ἀμφιτρίτη.

134 1301 172 1377 τή
197 1291 227 1356 δ’
255 1291 295 1356 οὑ
318 1291 368 1354 πώ
391 1312 470 1356 ποτε
494 1299 612 1355 ναῦται
636 1289 766 1373 ἀκήριοι
789 1288 1004 1372 εὐχετόωνται

134 1395 339 1483 παρφυγέειν
363 1400 426 1462 σὺν
448 1399 518 1480 νηί·
541 1394 635 1481 φέρει
659 1395 698 1460 δέ
719 1418 753 1460 τε
776 1393 871 1478 κρατὶ
893 1393 1017 1482 ἑκάστῳ

135 1500 216 1588 φῶτ’
243 1502 447 1587 ἐξαρπάξασα
470 1504 544 1579 νεὸς
567 1502 827 1588 κυανοπρώροιο.
1091 1517 1141 1565 100

134 1611 193 1674 τὸν
216 1607 247 1674 δ’
274 1607 387 1693 ἕτερον
406 1611 568 1674 σκόπελον
585 1609 846 1692 χθαμαλώτερον
869 1609 954 1690 ὄψει,
974 1605 1140 1672 Ὀδυσσεῦ.

135 1717 276 1800 πλησίον
299 1715 464 1798 ἀλλήλων·
487 1717 545 1780 καί
564 1737 621 1780 κεν
645 1714 890 1790 διοϊστεύσειας.

134 1832 179 1912 τῷ
203 1820 234 1888 δ’
261 1821 298 1887 ἐν
322 1821 446 1903 ἐρινεὸς
469 1825 538 1888 ἔστι
561 1820 676 1905 μέγας,
700 1821 857 1905 φύλλοισι
880 1821 1040 1904 τεθηλώς·

134 1939 179 2017 τῷ
203 1927 234 1993 δ’
260 1927 325 1993 ὑπὸ
350 1929 406 1993 δῖα
430 1929 599 2014 Χάρυβδις
622 1928 839 2012 ἀναρροιβδεῖ
858 1926 961 2011 μέλαν
983 1927 1083 2012 ὕδωρ.

7 2059 8 2064 ’
135 2033 205 2119 τρὶς
219 2031 278 2117 μέυ
291 2035 354 2119 γάρ
369 2031 397 2098 τ’
416 2033 548 2116 ἀνίησιν
563 2031 611 2101 ἐπ’
629 2035 738 2117 ήματι,
753 2031 823 2116 τρὶς
836 2030 867 2097 δ’
885 2032 1079 2118 ἀναροιβδεῖ
1091 2047 1141 2097 105

136 2141 264 2204 δεινόν·
287 2139 331 2222 μή
355 2138 398 2204 σύ
420 2162 457 2221 γε
481 2145 569 2205 κεῖθι
593 2139 718 2222 τύχοις,
742 2139 795 2203 ὅτε
819 2138 1045 2224 ῥοιβδήσειεν·

137 2245 178 2310 οὑ
200 2246 263 2328 γάρ
286 2268 343 2309 κευ
366 2244 502 2330 ῥύσαιτό
526 2242 556 2308 σ’
583 2241 665 2309 ὑπέκ
687 2253 790 2309 κακοῦ
813 2242 886 2309 οὐδ’
913 2243 1106 2327 ἐνοσίχθων.

137 2351 220 2416 ἀλλά
242 2352 328 2434 μάλα
351 2351 505 2432 Σκύλλης
527 2349 675 2437 σκοπέλῳ
698 2349 905 2434 πεπλημένος
925 2345 993 2414 ώκα

136 2466 201 2540 υήα
223 2455 443 2541 παρεξελάαν,
466 2454 535 2520 ἐπεὶ
558 2451 578 2539 ή
602 2459 688 2521 πολὺ
711 2455 872 2541 φέρτερόν
894 2453 984 2519 ἐστιν
1039 2487 1041 2491 ’

136 2563 169 2642 ἓξ
193 2561 329 2648 ἑτάρους
352 2561 388 2627 ἐν
411 2559 467 2646 νηὶ
489 2564 677 2646 ποθήμεναι
700 2561 720 2644 ή
744 2562 810 2646 ἀμα
831 2561 975 2636 πάντας.ί
1093 2577 1143 2627 110

181 2664 225 2746 ώς
248 2665 355 2752 ἔφατ’,
380 2667 484 2752 αὐτὰρ
508 2667 571 2751 ἐγώ
595 2691 653 2752 μιν
672 2666 887 2751 ἀμειβόμενος
909 2664 1121 2751 προσέειπον·

137 2777 179 2856 ,εί
201 2772 230 2839 δ’
258 2776 315 2857 ἀγε
339 2777 381 2858 δή
404 2797 461 2859 μοι
483 2783 597 2856 τοῦτο,
619 2774 699 2855 θεά,
722 2768 879 2858 νημερτές
902 2771 1046 2855 ἐνίσπες,

137 2886 170 2944 ελ
188 2901 256 2956 πως
278 2882 338 2965 τήν
362 2881 463 2965 ὀλοήν
485 2877 546 2964 μὲν
568 2879 857 2964 ὑπεκπροφύγοιμι
880 2879 1069 2963 Χάρυβδιν,

136 2985 197 3068 τήν
221 2984 260 3050 δέ
280 2983 310 3050 κ’
338 2986 541 3070 ἀμυναίμην,
566 2985 619 3050 ὅτε
642 3008 698 3068 μοι
722 2986 847 3049 σίνοιτό
870 2981 901 3066 γ’
928 2982 1098 3069 έταίρουςέ

181 3086 225 3168 ώς
248 3090 393 3176 ἐφάμην,
415 3091 435 3174 ή
460 3089 490 3156 δ’
518 3088 623 3155 αὐτίκ’
650 3090 800 3174 ἀμείβετο
824 3092 879 3155 δῖα
901 3091 1028 3154 θεάων·
1092 3103 1143 3155 11ῖ

7 3193 33 3242 Γ·
137 3194 289 3281 ,σχέτλιε,
312 3195 366 3262 καὶ
390 3197 430 3280 δή
454 3191 497 3261 αὖ
519 3219 572 3261 τοι
593 3199 754 3279 πολεμήια
777 3198 857 3278 ἔργα
879 3194 1022 3280 μέμηλεν

136 3300 191 3367 καὶ
213 3305 327 3378 πόνος·
352 3297 430 3366 οὑδέ
452 3308 585 3366 θεοῖσιν
607 3299 753 3378 ὑπείξεαι
777 3299 1008 3379 ἀθανάτοισιν;

136 3407 156 3492 ή
181 3406 220 3472 δέ
241 3432 292 3474 τοι
316 3409 356 3474 οὐ
378 3411 502 3492 θνητή,
526 3403 597 3471 ἀλλ’
624 3406 795 3471 ἀθάνατον
817 3408 920 3471 κακόν
942 3405 1047 3490 ἐστιν,
1169 3464 1174 3472 .

137 3517 250 3580 δεινόν
272 3512 301 3579 τ’
328 3512 489 3599 ἀργαλέου
512 3511 624 3579 τεκαὶ
647 3515 765 3600 ἀγριου
788 3510 867 3578 οὐδὲ
890 3515 1048 3597 μαχητόν·

188 3629 287 3670 Hennam
304 3627 421 3669 Οοιεετλ.
449 3629 468 3668 1.
897 3623 930 3671 13
