2642 3917
477 209 686 260 ΟΔΤΣΣΕΙΔΣ
704 209 779 263 VIII.
1082 206 1144 270 119

31 391 33 446 {
134 349 176 416 ού
199 374 249 428 τις
274 354 431 436 Φαιήκων
453 353 530 417 τόδε
553 349 584 434 γ’
611 350 728 434 ἱξεται,
752 349 826 416 οὐδ’
851 350 1041 435 ὑπερήσει.“

179 453 223 535 ὧς
245 459 347 543 φάτο,
369 460 519 543 γήθησεν
542 454 579 522 δε
601 458 766 533 πολύτλας
790 457 861 532 δῖος
880 453 1072 540 Ὀδυσσεύς,

134 567 273 650 χαίρων,
298 562 407 648 οὕνεχ’
434 563 566 650 ἑταῖρον
589 561 687 647 ἐνηέα
709 559 821 628 λεῦσσ’
848 561 885 627 ἐν
908 561 1021 645 ἀγῶνι.
1095 579 1147 628 200

134 668 189 734 καὶ
212 672 284 736 τότε
306 672 514 756 κουφότερον
536 671 721 754 μετεφώνεε
747 670 962 752 Φαιήκεσσιν·

25 779 27 868 j
134 785 277 857 ,τοῦτον
298 785 363 840 νῦν
386 776 565 861 ἀφίκεσθε,
592 775 673 840 νέοι.
718 775 801 858 τάχα
824 773 855 839 δ’
880 774 1023 860 ὅστερον
1045 776 1147 840 ἀλλον

134 882 228 964 ήσειν
250 880 271 964 ή
294 891 477 946 τοσσοῦτον
499 881 610 965 ὀίομαι
632 879 653 964 ή
678 882 725 946 ἔτι
747 889 885 965 μᾶσσον.

133 999 202 1052 τῶν
226 985 258 1051 δ’
284 988 394 1052 ἀλλων
417 988 511 1053 ὅτινα
533 989 653 1073 κραδίη
676 989 786 1071 θυμός
808 1010 842 1052 τε
865 987 1006 1070 κελεύει,
1093 994 1095 997 ’

136 1090 226 1176 δεῦρ’
254 1094 312 1176 ἀγε
335 1097 541 1178 πειρηθήτω,
565 1092 638 1158 έπεί
657 1089 691 1177 μ’
718 1092 899 1176 ἐχολώσατε
923 1095 1014 1175 λίην,
1095 1107 1147 1158 205

134 1198 155 1282 ή
178 1199 241 1278 πὺξ
264 1195 302 1281 ήέ
325 1201 412 1285 κοίλη
434 1199 455 1282 ή
479 1198 535 1264 καὶ
556 1201 671 1281 ποσίν,
695 1198 737 1263 ού
759 1222 792 1262 τι
814 1201 974 1284 μεγαίρω,

134 1307 268 1370 πάντων
294 1307 464 1389 Φαιήκων,
488 1308 575 1389 πλήν
597 1303 629 1388 γ’
656 1304 759 1370 αὐτοῦ
782 1305 1030 1388 Λαοδάμαντος.

135 1410 241 1491 ξεῖνος
263 1413 326 1496 γάρ
350 1435 406 1495 μοι
429 1409 480 1476 ὅδ’
507 1412 589 1477 ἐστί·
612 1414 663 1488 τίς
686 1410 728 1475 ἀν
751 1410 901 1495 φιλέοντι
923 1411 1074 1495 μάχοιτο;

135 1519 253 1604 ἀφρων
276 1518 317 1600 δή
340 1519 450 1593 κεῖνός
471 1541 509 1600 γε
531 1515 586 1582 καὶ
609 1517 786 1593 οὐτιδανὸς
807 1515 898 1582 πέλει
921 1516 1021 1602 ἀνήρ,

135 1624 171 1701 ὅς
193 1647 243 1701 τις
267 1623 443 1710 ξεινοδόκῳ
467 1625 561 1708 ἔριδα
583 1622 791 1709 προφέρηται
814 1621 947 1688 ἀέθλων
1094 1641 1146 1690 κιο

135 1731 227 1817 δήμῳ
252 1728 289 1794 ἐν
312 1729 501 1816 ἀλλοδαπῷ·
524 1729 560 1796 ἕο
584 1728 615 1795 δ’
641 1731 747 1796 αύιοῦ
769 1730 876 1795 πάντα
899 1731 1040 1795 κολούει.

134 1848 201 1901 τῶν
226 1833 256 1900 δ’
284 1836 394 1900 ἀλλων
418 1837 458 1901 ού
481 1835 542 1921 πέρ
565 1834 628 1901 τιν’
656 1835 834 1920 ἀναίνομαι
857 1833 931 1900 οὐδ’
958 1835 1115 1922 ἀθερίζω,

10 2009 19 2012 ,,
135 1940 206 2006 ἀλλ’
233 1940 338 2007 ἐθέλω
363 1943 459 2025 λδμεν
481 1940 536 2007 καὶ
557 1944 801 2027 πειρηθήμεναι
824 1942 936 2025 ἀυτήν.
1003 1961 1009 1972 ·

133 2049 241 2113 πάντα
264 2048 327 2131 γὰρ
351 2047 392 2112 ού
410 2050 509 2124 κακός
527 2049 603 2132 είμι.
624 2046 697 2133 μετ’
720 2047 883 2133 ἀνδράσιν
901 2047 996 2120 ὅσσοι
1015 2050 1146 2115 ἀεθλοι·

134 2149 172 2220 εὖ
195 2150 257 2238 μέν
277 2153 376 2232 τόξον
399 2149 474 2218 οἶδα
498 2153 614 2233 έ’ξοον
637 2153 898 2238 ἀμφαφάασθαι·
1093 2171 1145 2221 215

133 2262 263 2345 πρῶτός
285 2255 315 2322 κ’
342 2260 449 2344 ἀνδρα
471 2261 605 2344 βάλοιμι
628 2260 801 2336 ὀιστεύσας
823 2259 860 2324 έν
883 2259 986 2348 ὁμίλῳ

134 2365 268 2448 ἀνδρῶν
291 2364 498 2450 δυσμενέων,
522 2369 553 2431 εί
573 2363 628 2432 καὶ
651 2367 739 2449 μάλα
761 2364 880 2431 πολλοὶ
903 2364 1027 2451 έταίροι

135 2473 211 2555 άγχι
234 2482 436 2556 παρασταῖεν
459 2470 515 2536 καὶ
537 2472 725 2550 τοξαζοίατο
749 2485 878 2557 φωτῶν.

134 2573 205 2654 οἶος
228 2579 270 2661 δή
292 2601 332 2661 με
358 2581 561 2662 Φιλοκτήτης
584 2577 782 2643 ἀπεκαίνυτο
805 2579 888 2666 τόξῳ

134 2685 227 2771 δήμῳ
251 2687 302 2749 ἔνι
329 2684 468 2767 Τρώων,
492 2683 545 2749 ὅτε
568 2683 774 2767 τοξαζοίμεθ’
798 2683 929 2768 Ἀχαιοί.
1092 2702 1144 2751 220

132 2801 201 2854 τῶν
224 2787 255 2853 δ’
281 2791 391 2854 ἀλλων
415 2789 472 2874 ἐμέ
492 2813 578 2874 φημι
599 2792 687 2855 πολὺ
708 2791 974 2876 προφερέστερον
997 2786 1098 2875 εἶναι,

133 2895 229 2961 ὅσσοι
251 2903 315 2960 νῦν
337 2898 455 2978 βροτοί
475 2899 561 2961 είσιν
583 2895 636 2962 ἐπὶ
658 2894 759 2980 χθονὶ
783 2906 876 2960 σῖτον
899 2897 1038 2974 ἔδοντες.

132 3001 275 3088 ἀνδράσι
298 2998 334 3067 δέ
357 3000 567 3086 προτέροισιν
590 3001 736 3086 ἐριζέμεν
757 3002 820 3066 οὐκ
842 3001 1007 3086 ἐθελήσω,

132 3106 211 3173 οὔθ’
233 3105 394 3192 Ἡρακλῆι
417 3105 487 3173 οὔτ’
513 3108 654 3195 Εὐρύτῳ
680 3110 847 3191 Οίχαλιήι,

132 3214 169 3278 οἵ
189 3213 231 3299 ῥα
253 3212 309 3278 καὶ
333 3212 553 3279 ἀθανάτοισιν
576 3213 742 3296 ἐρίζεσκον
764 3211 840 3295 περὶ
862 3214 975 3293 τόξων.
1093 3231 1143 3280 22⁶

131 3326 177 3404 τῷ
203 3319 245 3403 ήα
263 3317 318 3384 καὶ
341 3315 413 3396 αἶψ’
435 3320 558 3384 ἔθανεν
576 3320 677 3402 μέγας
695 3319 856 3405 Εὔρυτος,
876 3315 949 3401 οὐδ’
971 3317 1023 3384 ε’πὶ
1041 3329 1144 3405 γῆρας

131 3420 210 3488 ἵκετ’
239 3421 288 3488 ένλ
311 3425 499 3510 μεγάροισι·
522 3425 753 3509 χολωσάμενος
775 3425 838 3510 γάρ
859 3421 1027 3490 Ἀπόλλων

130 3531 281 3612 ἔκτανεν,
306 3529 426 3594 οὕνεκά
449 3553 507 3614 μιν
529 3533 742 3613 προκαλίζετο
765 3530 968 3609 τοξάζεσθαι.
