2642 3917
176 165 220 228 90
554 165 763 217 ΟΔΤΣΣΕΙΔΣ
780 167 809 217 Ζ.

177 308 286 374 ὕπνον
309 301 359 373 ἐπ’
386 308 509 391 ὄμμασι
531 305 615 391 χεῦ’,
638 307 694 372 ἵνα
717 331 775 392 μιν
796 307 933 372 παύσειε
955 308 1091 390 τάχιστα

178 411 361 489 δυσπονέος
383 413 541 495 καμάτοιο
564 416 646 497 φίλα
669 406 808 498 βλέφαρ’
834 411 1077 497 ἀμφικαλύψας.

479 824 823 900 ΟΔΤΣΣΕΙΑΣ
849 825 890 902 Ζ.

304 1086 553 1174 Ὀδυσσέως
579 1083 735 1182 ἄφιξις
762 1095 824 1174 εἰς
852 1094 1060 1175 Φαίακας.

225 1253 269 1334 ὧς
293 1257 310 1323 ὁ
334 1254 395 1343 μέν
418 1259 502 1322 ἔνθα
525 1258 669 1323 καθεῦδε
692 1257 858 1334 πολύτλας
880 1259 952 1335 δῖος
971 1254 1146 1334 Ὀδυσσεὺς

180 1363 275 1450 ύπνφ
299 1361 354 1427 καὶ
376 1363 509 1450 καμάτςο
533 1360 709 1446 ἀρημένος·
732 1361 836 1447 αύτάρ
856 1357 980 1448 Ἀθήνη

182 1473 223 1552 βή
249 1464 279 1554 ῥ’
322 1493 339 1546 ς
364 1471 520 1552 Φαιήκων
544 1467 677 1552 ἀνδρῶν
701 1468 808 1550 δῆμόν
828 1489 864 1533 τε
886 1470 986 1534 πόλιν
1006 1493 1057 1553 τε,

182 1578 217 1639 οἳ
237 1571 316 1659 πρὶν
339 1573 400 1658 μέν
423 1571 495 1639 ποτ’
522 1576 635 1638 ἔναιον
657 1572 888 1662 ἐνεύρυχόρςο
907 1571 1070 1661 Ὑπερείῃ,

182 1681 287 1765 ἀγχοῦ
309 1681 504 1744 Κυκλώπων
527 1677 660 1764 ἀνδρῶν
687 1678 994 1764 ὑπερηνορεόντων,
1174 1699 1189 1746 5

183 1785 219 1852 οἵ
239 1803 342 1869 σφεας
365 1783 572 1866 σινέσκοντο,
595 1786 693 1868 βίηφι
716 1781 753 1850 δὲ
775 1783 929 1870 φέρτεροι
951 1780 1045 1868 ήσαν.

183 1895 282 1958 ἔνθεν
306 1891 491 1974 ἀναστήσας
514 1891 572 1972 άγε
595 1893 793 1966 Ναυσύθοος
815 1892 982 1974 θεοειδής,

183 1988 273 2061 εἷσεν
297 1991 333 2060 δέ
356 1997 480 2080 Σχερίῃ
504 1993 578 2071 ἑκάς
602 1992 734 2080 ἀνδρῶν
758 1994 972 2080 ἀλφηστάων,

184 2100 269 2187 ἀμφὶ
293 2098 329 2167 δὲ
352 2111 458 2184 τεῖχος
481 2103 597 2166 ἔλασσε
619 2102 728 2184 πόλει,
751 2099 807 2166 καὶ
829 2101 979 2186 ἐδείματο
1002 2110 1128 2188 οἴκους,

183 2206 238 2273 καὶ
261 2211 363 2292 νηοὺς
384 2210 501 2290 ποίησε
523 2212 630 2289 θεῶν,
653 2205 709 2271 καὶ
732 2201 884 2273 ἐδάσσατ’
910 2207 1063 2293 ἀρούρας.
1158 2227 1190 2276 1ο

184 2308 255 2379 ἀλλ’
283 2313 300 2378 ὁ
323 2308 384 2397 μὲν
405 2312 470 2394 ήδη
492 2310 569 2396 κηρὶ
592 2309 706 2396 δαμεὶς
725 2305 873 2378 Ἀιδόσδε
896 2316 1064 2398 βεβήκειν,

182 2414 348 2495 ’Λλκίνοος
371 2413 408 2484 δὲ
429 2412 497 2482 τότ’
522 2411 617 2502 ήρχε,
639 2422 731 2481 θεῶν
753 2417 817 2481 ἀπο
840 2420 945 2501 μήδεα
968 2419 1072 2496 εἰδώς.

183 2532 244 2589 τοῦ
267 2519 328 2606 μὲν
350 2525 408 2606 ἔβη
431 2523 513 2604 πρὸς
536 2523 629 2606 δῶμα
650 2522 735 2602 θεά,
757 2527 945 2605 γλαυκῶπις
964 2518 1103 2609 Ἀθήνη,

185 2632 306 2695 νόστον
325 2625 481 2711 Ὀδυσσῆι
504 2629 702 2712 μεγαλήτορι
724 2630 900 2711 μητιόωσα.

185 2738 227 2819 βή
252 2731 285 2798 δ’
313 2739 387 2817 ίμεν
409 2733 442 2810 ές
459 2734 615 2817 θάλαμον
632 2733 895 2816 πολυδαίδαλον,
918 2725 1013 2822 φόνι
1031 2735 1134 2820 κούρη
1160 2753 1192 2800 15

185 2831 312 2923 κοιμᾶτ’
338 2836 525 2923 ἀθανάτησι
547 2838 639 2922 φυὴν
661 2835 716 2902 καλ
739 2833 828 2915 εἶδος
850 2837 962 2923 ὁμοίη,

186 2944 363 3010 Ναυσικάα
385 2945 538 3029 θυγάτηρ
560 2935 783 3028 μεγαλήτορος
803 2941 998 3028 Ἀλκινόοιο,

186 3052 252 3135 πάρ
275 3046 312 3115 δὲ
336 3047 393 3114 δύ’
420 3049 617 3134 ἀμφίπολοι,
640 3052 784 3134 χαρίτων
806 3050 870 3114 άπο
893 3051 1013 3126 κάλλος
1034 3053 1184 3135 ἔχουσαι,

187 3163 365 3240 σταθμοῖιν
388 3154 560 3238 ἑκάτερθε,
582 3155 687 3239 θύραι
711 3148 741 3219 δ’
767 3152 932 3220 ἐπέκειντο
955 3159 1098 3240 φαειναί

186 3262 207 3345 ή
232 3257 262 3327 δ’
290 3259 414 3345 ἀνέμου
437 3262 481 3338 ὡς
503 3261 602 3344 πνοιή
627 3259 787 3326 ἐπέσσυτο
811 3259 928 3344 δέμνια
950 3262 1087 3346 κούρης,
1158 3280 1193 3328 νο

187 3376 247 3451 στῆ
271 3363 301 3432 δ’
328 3361 380 3452 ἀρ’
405 3363 488 3451 ὑπὲρ
510 3370 655 3450 κεφαλῆς
678 3369 737 3431 καί
755 3390 813 3450 μιν
836 3367 919 3449 πρὸς
941 3372 1053 3450 μῦθον
1076 3369 1194 3450 έειπεν,

187 3470 340 3556 είδομένη
363 3473 467 3556 κούρη
490 3475 732 3537 ναυσικλειτοῖο
755 3472 947 3555 Δύμαντος,
