2642 3917
180 211 223 275 24
558 215 767 268 omnm
784 218 817 269 Β.

179 356 213 421 εἰ
232 359 407 423 πλεόνεσσι
425 358 575 442 μάχοιτο·
597 361 641 424 σὺ
664 356 696 425 δ’
722 358 764 424 οὐ
785 360 868 424 κατὰ
890 370 1012 445 μοίριιν
1033 361 1145 437 ἔειπες.

179 460 251 527 ἀλλ’
277 463 351 546 ἄγε,
374 460 450 529 λαοὶ
472 460 533 548 μέν
556 462 733 531 σκίδνασθ’
760 463 813 531 έπί
835 467 916 551 ἔργα
938 464 1088 551 ἕκαστος,

178 567 285 657 ταύτην
309 567 341 634 δ’
367 568 516 655 ὀτρυνέει
539 569 683 655 Μέντωρ
706 570 788 637 ὁδὸν
810 568 865 654 ήδ’
886 567 1096 657 Ἁλιθέρσης,

179 672 216 739 οί
233 671 272 739 τέ
288 674 324 739 οί
343 673 377 754 ἐξ
400 674 502 760 ἀρχῆς
524 676 690 761 πατρώιοί
708 678 795 743 εἰσιν
817 674 950 760 ἑταῖροι.

179 776 251 845 ἀλλ’
277 779 352 862 ὀίω,
375 779 431 846 ιιαί
453 781 544 865 δηθὰ
565 783 755 865 καθήμενος
777 780 962 866 ἀγγελιάων
1137 802 1190 851 265

177 884 333 950 πεύσεται
356 887 407 951 είν
426 883 555 971 Ἰθάκη,
582 886 685 953 τελέει
708 885 740 953 δ’
767 887 848 954 δδὸν
869 888 912 954 οὔ
933 910 1013 955 ποτε
1035 890 1190 975 ταότην.“

224 984 270 1067 ώς
293 988 346 1075 ἄρ’
372 988 561 1074 ἐφώνησεν,
585 996 688 1058 λῦσεν
711 990 743 1059 δ’
769 991 896 1078 ἀγορήν
919 997 1073 1080 αἰήηρήν.

180 1096 218 1164 οί
237 1091 299 1181 μὲν
321 1093 374 1182 ἄρ’
400 1096 595 1164 ἐσκίδναντο
618 1097 655 1164 ἐδι
677 1100 760 1185 πρὸς
783 1097 913 1184 δώμαθ’
938 1098 1088 1186 ἕκαστος,

179 1210 363 1289 μνηστῆρες
386 1200 417 1268 δ’
443 1202 478 1281 ές
500 1201 623 1288 δώματ’
650 1210 728 1271 ίσαν
749 1207 849 1271 θείου
868 1202 1034 1290 Ὀδυσῆος.

228 1307 415 1395 Τηλέμαχος
433 1307 464 1375 δ’
486 1308 655 1376 ἀπάνευθε
673 1311 756 1377 ιιιδιν
769 1309 823 1377 ἐπὶ
835 1317 919 1377 θίνα
930 1315 1114 1400 θαλάσσης,
1137 1332 1190 1382 260

180 1424 291 1500 χεῖρας
312 1414 494 1500 νιψάμενος
515 1420 634 1499 πολιῆς
656 1415 735 1493 ἁλὸς
757 1414 863 1501 ὤχετ’
885 1414 1026 1504 Ἀθήνη·

180 1523 307 1606 ,κλῦθί
321 1543 399 1605 μευ,
422 1518 441 1585 δ
459 1521 573 1604 χθιζὸς
594 1522 675 1597 θεὸς
696 1520 821 1603 ήλνθες
842 1518 1003 1607 ήμέτερον
1025 1524 1073 1589 δώ

179 1628 238 1692 ιιαί
258 1625 292 1711 μ’
317 1625 356 1692 ἐν
377 1624 434 1709 νηὶ
456 1624 613 1702 κέλευσας
635 1622 686 1691 ἐπ’
711 1624 882 1711 ήεροειδέα
904 1628 1029 1693 πόντον

179 1734 300 1799 νόστον
321 1733 529 1815 πευσόμενον
550 1733 675 1817 πατρὸς
697 1731 762 1815 δήν
783 1730 971 1816 οἰχομένοιο

180 1842 351 1924 ἔρχεσθαι·
372 1838 413 1903 τὰ
437 1833 474 1903 δέ
496 1836 603 1903 πάντα
626 1838 857 1923 διατρίβουσιν
875 1835 1015 1923 Ἀχαιοί,
1137 1858 1189 1907 265

180 1953 363 2030 μνηστῆρες
387 1939 423 2009 δέ
446 1943 587 2028 μάλιστα
608 1954 717 2020 κακῶς
737 1941 1050 2029 θπερηνορέοντες.“

224 2045 269 2127 ώς
290 2046 384 2134 ἔφατ’
410 2047 602 2133 εὐχόμενος,
626 2049 789 2133 σχεδόθεν
811 2047 851 2115 δέ
871 2050 907 2114 οἰ
925 2044 1032 2132 ῆλθεν
1050 2049 1175 2136 Ἀθήνη

179 2154 330 2241 Μέντορι
352 2152 506 2239 εἰδομένη
528 2150 612 2239 ήμέν
636 2152 736 2238 δέμας
757 2149 818 2237 ήδέ
839 2151 896 2219 καί
918 2154 1042 2240 αὐδήν,

179 2264 239 2329 ιιιιί
258 2285 316 2347 μιν
339 2258 510 2345 φωνήσασ’
537 2262 617 2325 ἔπεα
634 2261 813 2343 πτερόεντα
835 2260 1022 2343 προσηύδα·

180 2364 382 2452 ,,Τηλέμαχ’,
396 2362 469 2433 οὐδ’
487 2366 607 2432 ὄπιθεν
619 2365 720 2443 κακὸς
733 2366 845 2431 ἔσσεαι
858 2362 932 2430 οὐδ’
949 2364 1116 2451 ἀνοήμων,
1136 2384 1188 2433 2⁷0

180 2473 213 2538 εἰ
233 2473 275 2557 δή
297 2494 350 2537 τοι
371 2480 435 2537 σοῦ
457 2472 580 2555 πατρὸς
602 2468 792 2537 ἐνέστακται
813 2467 913 2555 μένος
933 2471 993 2556 ήό,

183 2570 254 2656 οἷος
274 2588 383 2655 κείνας
404 2579 463 2663 ἔην
485 2574 614 2643 τελέσαι
636 2578 736 2662 ἔργον
757 2598 793 2641 τε
815 2578 893 2653 ἔπος
914 2596 963 2643 τε·

180 2685 222 2750 οὕ
244 2707 296 2750 τοι
318 2681 425 2749 ἔπειθ’
451 2681 527 2767 ἀλίη
552 2680 630 2759 ὁδὸς
651 2684 781 2747 ἔσσεται
799 2679 875 2747 οὐδ’
901 2680 1080 2761 ἀτέλεστος.

181 2792 228 2872 [εἰ
247 2788 278 2855 δ’
304 2789 346 2855 οὐ
367 2791 481 2856 κείνου
503 2784 534 2871 γ’
561 2785 632 2853 ἐσσὶ
654 2789 754 2869 γόνος
775 2786 831 2853 παί
854 2791 1094 2872 Πηνελοπείης,

180 2895 222 2962 οὐ
245 2892 285 2961 σέ
303 2892 336 2979 γ’
361 2896 472 2960 ἔπειτα
494 2895 596 2959 ἔολπα
618 2891 843 2975 τελευτήσειν,
866 2890 887 2956 ἀ
910 2902 1086 2978 μενοινᾷς.
1136 2909 1189 2958 εἰσ

179 3010 302 3087 παῦροι
322 3001 387 3086 γίρ
409 3022 462 3066 τοι
483 2999 599 3075 παῖδες
620 2997 732 3082 ὁμοῖοι
753 2994 853 3081 πατρὶ
873 2994 1045 3080 πέλονται,

181 3107 217 3173 οἰ
235 3104 371 3184 πλέονες
392 3109 542 3188 κακίους,
565 3112 688 3188 παῦροι
711 3100 751 3169 δέ
769 3126 805 3169 τε
827 3103 950 3189 πατρὸς
972 3101 1112 3189 ἀρείους.

180 3209 252 3278 ἀλλ’
278 3210 349 3278 ἐπεὶ
372 3209 445 3277 οὐδ’
472 3212 593 3276 όπιθεν
614 3210 714 3285 παντὸς
736 3211 847 3274 ἔσσεαι
869 3204 944 3273 οὐδ’
971 3207 1142 3293 ἀνοήμων,

180 3315 263 3384 οὐδέ
278 3334 316 3383 σε
337 3317 447 3401 πόγχυ
464 3339 502 3399 γε
525 3323 619 3400 μῆτις
637 3312 819 3397 Ὀδυσσῆος
840 3311 1073 3398 προλέλοιπεν,

181 3423 311 3507 ἐλπωρή
333 3444 385 3488 τοι
407 3424 517 3487 ἔπειτα
539 3424 731 3503 τελευτῆσαι
751 3419 831 3485 τάδε
853 3420 956 3502 ἔργα]
1135 3433 1188 3483 280

180 3538 225 3619 τῷ
248 3536 313 3593 νῦν
335 3529 533 3613 μνηστήρων
555 3520 617 3609 μὲν
638 3527 677 3591 ἔα
698 3526 826 3609 βουλήν
847 3543 883 3589 τε
905 3524 987 3588 νόον
1009 3545 1044 3589 τε
