2642 3917
424 1107 759 1185 ΟΔΤΣΣΕΙΑΣ
785 1109 832 1189 Α.

147 1366 265 1437 Θεῶν
292 1360 442 1461 άγορά.
490 1363 675 1463 Ἀθηνᾶς
701 1373 961 1461 παραίνεσις
986 1363 1097 1461 πρὸς

498 1490 758 1582 Τηλέμαχον.

113 1631 238 1722 ’Ἇνόρα
255 1659 312 1721 μοι
331 1638 461 1719 ἔννεπε,
479 1644 604 1721 μοῦσα,
622 1636 850 1722 πολύτροπον,
868 1634 905 1713 ὃς
922 1636 1009 1721 μάλα
1022 1636 1128 1701 πολλὰ

119 1742 290 1827 πλάγχθη,
314 1740 383 1809 ἐπεὶ
411 1745 530 1829 Τροίης
554 1742 645 1827 ἱερὸν
668 1745 869 1827 πτολίεθρον
892 1744 1044 1828 ἔπερσεν,

119 1852 253 1914 πολλῶν
276 1847 307 1915 θ’
334 1848 524 1934 ἀνθρώπων
547 1848 619 1913 ίόεν
641 1848 742 1912 άστεα
763 1844 819 1913 καλ
840 1849 923 1913 νόον
945 1851 1044 1931 ἔγνω·

119 1955 225 2020 πολλά
249 1952 280 2021 θ’
306 1955 325 2021 ὅ
348 1953 379 2038 γ’
406 1954 443 2021 ἐν
464 1957 574 2043 πόντςο
595 1954 705 2019 πάθεν
723 1955 824 2036 ἄλγεα
842 1951 883 2018 ὃν
899 1956 981 2019 κατὰ
999 1957 1128 2040 θυμόν,

121 2060 306 2147 ἀρνύμενος
328 2061 372 2145 ἥν
393 2084 428 2127 τε
451 2061 562 2146 ψυχὴν
585 2057 640 2125 καλ
662 2062 786 2125 νόστον
808 2057 956 2144 ἑταίρων.
1112 2079 1128 2126 ο

121 2163 192 2231 ἀλλ’
219 2164 292 2232 οὐδ’
319 2162 364 2245 άις
387 2166 524 2253 ἑτάρους
546 2166 709 2253 ἐρρύσατο
733 2165 861 2251 ίέμενός
881 2185 959 2251 περ·

120 2271 231 2337 αὐτῶν
252 2274 316 2358 γάρ
339 2272 538 2359 σφετέρῃσιν
561 2272 804 2357 ἀτασθαλίῃσιν
825 2273 959 2353 όλοντο,

119 2379 248 2461 νήπιοι,
271 2382 307 2444 οἳ
325 2382 407 2445 κατὰ
430 2382 512 2463 βοῦς
529 2376 719 2464 Ὑπερίονος
736 2375 881 2443 Ἠελίοιο

9 2518 11 2523 ’
120 2484 258 2567 ἤσθιον·
279 2485 384 2571 αὐτὰρ
407 2485 425 2551 ὁ
447 2496 556 2552 τοῖσιν
578 2485 731 2570 ἀφείλετο
753 2486 912 2568 νόστιμον
933 2478 1031 2569 ἦμαρ.

119 2601 187 2656 τῶν
209 2590 338 2676 ἁμόθεν
359 2614 413 2675 γε,
434 2593 500 2657 θεὰ
521 2592 669 2676 θύγατερ
687 2592 787 2673 Διός,
809 2585 879 2655 είπὲ
901 2585 957 2654 καὶ
974 2587 1063 2673 ἡμίν.
1095 2606 1128 2655 10

164 2695 237 2763 ἔνθ’
263 2699 358 2764 ἄλλοι
378 2696 439 2785 μέν
456 2699 591 2781 πάντες,
613 2697 688 2763 ὅσοι
710 2696 821 2782 φύγον
844 2697 947 2761 αἰπὺν
969 2697 1127 2781 ὄλεθρον,

121 2810 207 2869 οίιιοι
229 2806 310 2870 ἔσαν
331 2808 476 2890 πόλεμόν
497 2828 532 2870 τε
554 2806 756 2889 πεφευγότες
777 2798 837 2885 ηδε
858 2802 1048 2867 θάλασσαν·

15 2922 20 2927 ’
120 2912 179 2975 τὸν
202 2908 232 2975 δ’
259 2906 333 2977 οἷον
354 2913 478 2976 νόστου
500 2909 702 2997 κεχρημένον
724 2906 784 2993 ηόέ
806 2908 964 2991 γυναικὸς

119 3016 234 3102 νύμφη
257 3015 364 3083 πότνι’
390 3020 486 3103 ἔρυκε
509 3004 657 3093 Καλυάὼ
681 3019 737 3082 δία
758 3015 873 3081 θεάων

120 3122 157 3189 ἐν
180 3122 296 3189 σπέσσι
318 3129 535 3209 γλαφυροῖσι,
559 3123 750 3209 λιλαιομένη
773 3124 873 3187 πόσιν
895 3115 990 3185 εἶναι
1095 3136 1128 3184 ιο

120 3227 192 3295 ἀλλ’
219 3230 272 3296 ὅτε
296 3230 338 3314 δὴ
361 3234 432 3308 ἔτος
454 3226 539 3313 ἦλθε
561 3229 812 3317 περιπλομένων
835 3226 1012 3308 ἐνιαυτῶν,

119 3344 164 3424 τῷ
188 3336 224 3402 οί
243 3336 469 3403 ἐπεκλώσαντο
491 3336 568 3403 θεολ
591 3339 722 3403 οίιιόνόε
744 3335 881 3401 νέεσθαι

119 3444 167 3520 είς
186 3439 331 3528 Ἰθάκην,
354 3441 427 3510 οὐδ’
454 3446 538 3510 ἔνθα
561 3443 771 3528 πεφυγμένος
793 3436 853 3525 ἦεν
876 3436 1008 3504 ἀέθλων

118 3546 173 3614 παλ
195 3550 275 3634 μετά
298 3542 365 3615 οἷσι
388 3554 524 3635 φίλοισι.
569 3549 647 3616 θεολ
670 3548 701 3615 θ’
728 3548 878 3635 έλέαιρον
900 3544 1041 3617 ἅπαντες

172 3664 272 3705 Ηοιιεε
286 3664 402 3706 omnm.
430 3667 448 3705 1.
652 3706 654 3709 .
899 3660 911 3707 l
