2642 3917
176 208 239 272 122
550 212 758 263 οενεεειεε
777 210 811 264 Θ.

175 355 213 418 ἔν
235 350 264 418 τ’
291 354 355 438 ἀρα
378 355 414 420 οί
433 363 482 440 φῦ
505 357 600 438 χειρί,
624 357 703 432 έπος
724 348 754 419 τ’
780 351 874 438 ἔφατ’
900 356 937 418 ἔκ
958 351 987 418 τ’
1013 353 1185 438 ὀνόμαζεν·

175 461 314 545 ,,δεῦρο,
338 463 435 544 φίλη,
459 458 650 543 λέκτρονδε·
673 463 872 544 τραπείομεν
894 456 1105 542 εὐνηθέντες·

174 565 215 631 οὐ
238 566 301 650 γάρ
325 562 377 630 ἔθ’
396 563 582 649 Ἥφαιστος
604 565 819 650 μεταδήμιος,
842 565 926 630 ἀλλά
947 588 1013 630 πον
1036 565 1100 649 ήδη

175 676 298 755 οἴχεται
321 669 354 747 ἐς
376 674 516 754 Λῆμνον
538 672 619 756 μετά
641 674 780 747 Σίντιας
804 670 1067 756 ἀγριοφώνους.“

219 772 263 854 ὧς
285 778 387 861 φάτο,
410 786 450 860 τῇ
474 774 505 842 δ’
532 776 701 842 ἀσπαστὸν
724 775 851 843 ἐείσατο
874 783 1086 861 κοιμηθῆναι.
1132 794 1184 843 295

173 885 219 948 τὼ
243 881 273 947 δ’
300 882 333 960 ἐς
356 880 473 966 δέμνια
495 882 595 966 βάντε
617 881 840 968 κατέδραθον·
864 882 949 967 ἀμφὶ
972 881 1009 948 δὲ
1031 883 1148 967 δεσμοὶ

174 991 363 1073 τεχνήεντες
385 991 502 1072 ἔχυντο
525 989 740 1074 πολύφρονος
757 986 969 1074 Ἡφαίστοιο,

175 1093 257 1160 ούδέ
276 1118 309 1160 τι
331 1103 463 1177 κινήσαι
485 1094 612 1179 μελέαν
634 1089 678 1178 ήν
701 1093 775 1161 οὐδ’
801 1096 966 1181 ἀναεῖραι·

173 1200 229 1266 καὶ
251 1204 324 1267 τότε
349 1201 390 1284 δή
414 1203 618 1284 γίγνωσκον,
641 1201 659 1266 ὅ
683 1199 712 1265 τ’
739 1199 857 1266 οὐκέτι,
873 1203 982 1286 φυκτὰ
1004 1200 1153 1266 πέλοντο.

176 1307 357 1391 ἀγχίμολον
381 1304 421 1372 δέ
441 1304 498 1390 σφ’
525 1301 610 1389 ήλθε
633 1309 828 1391 περικλυτὸς
851 1306 1063 1392 ἀμφιγυήεις,
1131 1325 1184 1373 εοο

176 1408 269 1489 αὖτις
291 1410 501 1497 ὑποστρέψας
528 1410 608 1494 πρὶν
630 1415 772 1496 Λήμνου
794 1424 894 1495 γαῖαν
917 1411 1062 1478 ίκέσθαι·

172 1517 300 1595 Ἠέλιος
322 1520 386 1603 γάρ
410 1518 445 1583 ολ
465 1519 607 1602 σκοπιήν
630 1520 704 1603 ἔχεν
726 1515 800 1585 εἶπέ
818 1543 853 1585 τε
875 1525 996 1603 μῦθον.

177 1623 230 1712 [βῆ
255 1623 286 1689 δ’
312 1630 422 1708 ἔμεναι
444 1625 526 1708 πρὸς
550 1625 643 1709 δῶμα
666 1628 768 1709 φίλον
789 1624 978 1710 τετιημένος
999 1621 1107 1709 ἦτορ]

175 1734 251 1814 ἔστη
276 1727 307 1795 δ’
334 1729 371 1795 ἐν
393 1731 611 1816 προθύροισι,
634 1733 733 1814 χόλος
754 1729 796 1796 δέ
815 1755 873 1816 μιν
895 1733 1010 1816 ἄγριος
1031 1730 1140 1817 ᾔρειν·

175 1834 379 1922 σμερδαλέον
402 1831 433 1901 δ’
459 1835 575 1920 έβόησε
603 1835 731 1919 γέγωνέ
750 1860 785 1902 τε
808 1846 888 1902 πᾶσι
910 1843 1057 1902 θεοῖσιν·
1132 1855 1184 1905 εοσ

176 1949 265 2027 ,Ζεῦ
287 1944 389 2027 πάτερ
411 1939 465 2024 ηδ’
492 1943 587 2007 ἀλλον
609 1943 752 2026 μάκαρες
773 1941 850 2009 θεοὶ
873 1939 945 2009 αέἔν
967 1943 1091 2025 ἐόντες,

176 2044 285 2131 δεῦθ’,
309 2051 365 2114 ἵνα
388 2051 468 2133 ἔργα
491 2049 632 2130 γελαστὰ
654 2047 709 2113 καὶ
732 2048 795 2114 οὐκ
817 2048 960 2115 ἐπιεικτὰ
982 2053 1117 2134 ίδησθε,

175 2157 220 2232 ὡς
242 2152 297 2239 ἐμέ
319 2156 428 2240 χωλὸν
451 2153 547 2219 ἐόντα
570 2156 653 2230 Διὸς
676 2155 829 2240 θυγάτηρ
848 2153 1026 2240 Ἀφροδίτη

176 2259 248 2327 αἰὲν
271 2261 429 2344 ἀτιμάζει,
453 2259 560 2344 φιλέει
582 2257 614 2325 δ’
641 2260 781 2344 ἀίδηλον
794 2260 914 2346 Ἄρηα,

176 2365 284 2451 οὕνεχ’
312 2366 329 2431 ὁ
353 2363 413 2451 μὲν
435 2368 534 2442 καλός
556 2389 591 2431 τε
614 2365 669 2431 καὶ
693 2365 842 2452 ἀρτίπος,
865 2367 970 2452 αύτάρ
988 2367 1052 2449 ἐγώ
1071 2391 1108 2450 γε
1131 2385 1184 2434 310

175 2473 339 2556 ήπεδανὸς
361 2474 513 2555 γενόμην.
560 2471 642 2556 ἀτάρ
666 2472 707 2537 ού
729 2476 764 2536 τί
783 2495 840 2556 μοι
863 2479 967 2549 αέτιος
989 2473 1102 2554 ἄλλος,

176 2579 259 2644 ἀλλὰ
281 2587 378 2660 τοκῆε
404 2578 489 2659 δύο,
513 2579 557 2642 τὼ
582 2578 625 2661 μή
649 2581 828 2659 γείνασθαι
850 2578 1002 2661 ὄφελλον.

176 2682 247 2750 ἀλλ’
274 2679 407 2763 ὄψεσθ’,
431 2683 486 2747 ἵνα
508 2683 554 2746 τώ
578 2705 615 2765 γε
639 2683 845 2747 καθεύδετον
867 2681 904 2748 ἐν
927 2685 1078 2767 φιλότητι

175 2793 223 2867 εἰς
245 2788 306 2872 ἐμά
330 2785 446 2872 δέμνια
468 2788 600 2871 βάντες,
624 2787 688 2870 ἐγὼ
713 2784 744 2853 δ’
770 2787 878 2874 δ’ρόων
901 2788 1072 2872 ἀκάχημαι.

176 2895 217 2960 ού
235 2893 296 2979 μέν
313 2910 417 2978 σφεας
435 2889 480 2958 ἔτ’
502 2896 603 2958 ἔολπα
621 2894 771 2977 μίνυνθά
788 2916 826 2976 γε
843 2892 973 2978 κειέμεν
991 2894 1096 2971 οὕτως
1132 2911 1184 2960 315

174 2997 229 3066 καὶ
252 3001 338 3083 μάλα
361 3021 422 3084 περ
446 2997 612 3083 φιλέοντε·
635 2993 707 3084 τάχ’
734 2999 795 3064 ούκ
818 2998 1016 3083 ἐθελήσετον
1039 3000 1137 3084 άμφω

175 3105 299 3171 εύδειν·
322 3105 405 3170 ἀλλά
429 3121 520 3189 σφωε
544 3107 643 3180 δόλος
665 3103 721 3169 καὶ
744 3106 863 3189 δεσμδς
885 3104 1008 3191 ἐρύξει,

175 3213 222 3287 εἰς
245 3210 263 3275 ὅ
285 3208 324 3276 κέ
344 3234 401 3294 μοι
423 3210 512 3294 μάλα
533 3211 641 3275 πάντα
663 3211 771 3296 πατήρ
795 3210 965 3299 ἀποδῷσιν
988 3214 1099 3295 ἔεδνα,

176 3317 259 3382 ὅσσα
282 3316 318 3381 οί
338 3314 513 3398 ἐγγυάλιξα
535 3316 724 3392 κυνώπιδος
747 3317 857 3383 εἵνεκα
879 3319 1016 3402 κούρης,

176 3421 297 3485 ούνεκά
321 3421 356 3485 οί
375 3420 457 3502 καλή
480 3421 649 3506 θυγάτηρ,
673 3421 754 3507 ἀτάρ
778 3421 840 3487 ούκ
863 3421 1056 3508 ἐχέθυμος.“
1132 3441 1186 3490 320

221 3519 265 3600 ὧς
288 3523 402 3607 ἔφαθ’,
427 3527 462 3589 οί
483 3520 513 3590 δ’
540 3524 699 3611 ἀγέροντο
718 3525 795 3592 θεοὶ
812 3526 889 3593 ποτὶ
906 3526 1104 3613 χαλκοβατὲς
1123 3532 1187 3596 δῶ·
