2642 3917
191 171 256 238 130
473 212 475 216 -
565 176 774 228 mmm
792 174 826 228 ο.

190 315 223 396 ἐξ
245 309 287 382 οὗ
310 315 494 403 δορπέομέν
516 316 629 384 τεκαὶ
652 318 758 404 ὤρορε
779 324 875 396 θεῖος
897 318 1024 402 ἀοιδός,

190 420 225 486 ἐκ
247 430 308 488 τοῦ
331 419 362 488 δ’
388 424 430 489 οὔ
453 444 504 489 πω
528 421 668 489 παύσατ’
694 423 839 509 ὀιζυροῖο
862 426 956 507 γόοιο
1144 439 1197 489 διο

189 526 208 593 ὁ
231 525 350 606 ξεῖνος
373 530 461 613 μάλα
483 529 549 594 πού
571 553 629 614 μιν
651 530 731 613 ἄχος
752 527 878 616 φρένας
901 528 1133 615 ἀμφιβέβηκεν.

190 629 261 697 ἀλλ’
287 630 340 716 ἄγ’
366 633 385 699 δ
408 631 469 719 μέν
491 634 653 720 σχεθέτω,
676 632 721 700 ἵν’
743 635 831 720 ὁμῶς
847 636 1045 720 τερπώμεθα
1061 636 1198 717 πάντες,

190 738 373 817 ξεινοδόκοι
395 738 451 805 καὶ
474 740 598 823 ξεῖνος,
622 739 694 806 ἐπεὶ
715 743 802 806 πολὺ
823 741 961 807 κάλλιον
983 740 1101 818 οὕτως·

190 843 299 909 εἵνεκα
320 845 385 930 γάρ
408 844 528 924 ξείνοιο
551 843 624 912 τάδ’
651 847 795 912 αἰδοίοιο
817 845 982 932 τέτυκται,

190 950 301 1034 πομπή
324 948 380 1016 καὶ
402 954 485 1035 φίλα
509 953 615 1038 δῶρα,
637 952 679 1017 τά
702 952 738 1017 οἱ
757 953 895 1036 δίδομεν
917 951 1095 1037 φιλέοντες.
1146 968 1198 1017 σεο

190 1052 265 1119 ἀντὶ
285 1059 487 1140 κασιγνήτου
510 1056 619 1136 ξεῖνός
639 1053 677 1121 θ’
705 1056 812 1141 ίκέτης
833 1080 868 1123 τε
889 1056 1040 1123 τέτυκται

190 1159 298 1246 ἀνέρι,
321 1161 358 1240 ὅς
379 1158 408 1226 τ’
433 1161 549 1244 ὀλίγον
570 1183 632 1248 περ
655 1161 800 1249 έπιψαάη
823 1165 1051 1249 πραπίδεσσιν.

190 1274 235 1354 τῷ
257 1275 321 1332 νῦν
344 1265 427 1352 μηδέ
450 1270 493 1333 σὺ
515 1274 617 1334 κεῦθε
639 1271 784 1353 νοήμασι
806 1267 1049 1354 κερδαλέοισιν,

190 1371 259 1437 ὅττι
280 1370 319 1438 κέ
340 1369 370 1438 σ’
397 1379 547 1459 είρωμαι·
575 1374 709 1458 φάσθαι
731 1372 772 1440 δέ
791 1390 829 1439 σε
850 1375 987 1440 κάλλιόν
1010 1374 1108 1441 ἐστιν.

190 1474 254 1542 εἶπ’
275 1475 384 1562 ὄνομ’,
407 1479 476 1544 ὅττι
495 1495 532 1545 σε
550 1485 641 1545 κείθι
660 1480 781 1545 κάλεον
799 1481 905 1565 μήτηρ
923 1503 958 1545 τε
972 1483 1079 1566 πατήρ
1091 1504 1127 1547 τε
1146 1497 1198 1546 σου

190 1584 285 1649 άλλοι
306 1580 357 1667 θ’,
380 1587 416 1650 οἳ
435 1585 517 1650 κατὰ
540 1586 623 1650 άστυ
652 1583 708 1651 καὶ
731 1588 767 1650 οἳ
785 1587 1084 1671 περιναιετάουσιν.
1223 1597 1228 1609 ’

190 1677 235 1754 οδ
253 1685 315 1773 μέν
336 1690 401 1775 γάρ
423 1714 473 1767 τις
495 1691 632 1776 πάμπαν
654 1690 829 1775 ἀνώνυμός
852 1689 918 1757 ἐστ’
944 1691 1148 1779 ἀνθρώπων,

191 1793 232 1859 οδ
253 1796 352 1872 κακὸς
374 1791 454 1860 οὐδέ
476 1792 537 1880 μέν
560 1795 697 1878 ἐσθλός,
720 1795 802 1880 ἐπήν
824 1797 865 1861 τά
886 1808 1000 1883 πρῶτα
1021 1795 1170 1883 γένηται,

190 1897 262 1965 ἀλλ’
288 1898 342 1965 ἐπὶ
363 1909 443 1966 πᾶσι
465 1903 630 1984 τίθενται,
654 1900 728 1966 ἐπεί
746 1924 783 1967 κε
805 1900 938 1986 τέκωσι,
960 1911 1083 1986 τοκῆες.

191 2003 260 2071 εἰπέ
284 2005 323 2072 δέ
342 2030 399 2091 μοι
421 2008 521 2090 γαίάν
542 2030 577 2073 τε
599 2008 678 2091 τεήν
701 2007 807 2091 δῆμόν
828 2030 864 2073 τε
886 2010 984 2072 πόλιν
1006 2031 1056 2092 τε,
1146 2025 1199 2076 οδε

191 2113 280 2198 όφρα
302 2128 338 2177 σε
361 2121 401 2199 τῆ
422 2111 573 2197 πέμπωσι
595 2114 828 2197 τιτυσκόμεναι
850 2110 950 2198 φρεσί
970 2121 1061 2197 νῆες·

191 2218 317 2305 οὐγὰρ
344 2221 523 2302 Φαιήκεσσι
545 2221 787 2304 κυβερνητῆρες
810 2220 918 2302 έασιν,

191 2322 273 2389 οὐδέ
292 2347 325 2389 τι
346 2319 479 2408 πηδάλι’
505 2327 589 2408 ἔστι,
611 2325 651 2390 τά
674 2319 704 2388 τ’
730 2325 826 2388 ἀλλαι
848 2332 926 2407 νῆες
948 2326 1096 2409 ἔχουσιν,

192 2425 262 2495 ἀλλ’
289 2429 385 2496 αὐταὶ
407 2437 499 2496 ίσασι
520 2432 669 2514 νοήματα
691 2426 748 2494 καὶ
770 2427 896 2514 φρένας
918 2427 1052 2515 ἀνδρῶν

190 2533 247 2602 καὶ
267 2537 401 2601 πάντων
424 2542 514 2601 ίσασι
536 2539 653 2611 πόλιας
676 2532 731 2600 καὶ
753 2537 871 2610 πίονας
894 2533 1017 2619 άγροὺς
1146 2552 1199 2602 σου

192 2642 380 2728 ἀνθρώπων
406 2640 462 2708 καλ
484 2647 604 2725 λαῖτμα
625 2633 757 2725 τάχισθ’
783 2639 862 2716 άλδς
884 2639 1085 2726 ἐκπερόωσιν

191 2747 264 2835 ήέρι
286 2746 341 2814 καὶ
362 2746 485 2832 νεφέλη
506 2736 762 2831 κεκαλυμμέναι·
786 2743 868 2811 οὐδέ
886 2744 969 2811 ποτέ
988 2762 1070 2830 σφιν

191 2855 268 2921 οότε
290 2878 323 2920 τι
344 2859 560 2938 πημανθῆναι
581 2855 634 2919 ἔπι
658 2850 732 2928 δέος
755 2845 825 2917 οὔτ’
850 2850 1042 2917 ἀπολέσθαι.

192 2962 275 3027 ἀλλὰ
296 2955 367 3026 τόδ’
393 2955 437 3037 ὧς
459 2981 538 3025 ποτε
560 2960 684 3045 πατρὸς
707 2956 793 3041 έγὼν
815 2958 966 3034 είπόντος
988 2959 1115 3024 ἄκουσα

192 3069 407 3150 Ναυσιθόου,
430 3065 467 3143 ὃς
488 3068 611 3150 ἔφασκε
634 3060 842 3128 Ποσειδάων’
868 3061 1058 3145 ἀγάσασθαι
1146 3079 1199 3131 δυο

191 3173 286 3257 ήμίν,
309 3172 430 3239 οὕνεκα
452 3170 576 3256 πομποὶ
599 3167 765 3254 ἀπήμονές
789 3170 880 3253 είμεν
902 3167 1065 3234 ἁπάντων.

193 3287 239 3364 φή
262 3275 341 3344 ποτέ
366 3281 522 3362 Φαιήκων
544 3276 678 3362 ἀνδρῶν
700 3271 835 3360 έυεργέα
857 3281 921 3357 νῆα

193 3384 229 3449 ἐκ
250 3392 381 3468 πομπῆς
403 3384 565 3450 ἀνιοῦσαν
588 3381 625 3448 έν
647 3377 811 3468 ήεροειδέι
831 3381 942 3468 πόντφ

194 3488 394 3575 ῥαισέμεναι,
416 3489 500 3573 μέγα
522 3483 554 3553 δ’
579 3482 659 3573 ήμιν
682 3490 760 3575 δρος
782 3487 877 3550 πόλει
899 3484 1154 3569 ἀμφικαλύψειν.
