2642 3917
506 218 714 270 οινεεειεε
732 218 768 273 11.
1093 214 1136 277 25

125 357 318 443 ἀφραδέων,
342 358 412 427 ἐπεὶ
435 361 477 427 οῦ
498 384 532 427 τι
553 362 716 445 νοήμονες
738 356 818 426 οῦδὲ
841 361 981 425 δίκαιοι·

124 463 208 529 οὐδέ
228 488 260 530 τι
283 471 395 531 ίσασιν
417 466 568 532 θάνατον
589 464 644 533 καὶ
667 475 752 551 κῆρα
775 464 950 551 μέλαιναν,

4 590 7 603 ·
124 569 162 647 ὃς
185 572 228 655 δή
251 588 312 655 σφι
336 574 455 656 σχεδόν
477 571 583 654 ἐστιν,
606 569 656 639 ἐπ’
683 573 781 657 ήματι
804 573 930 649 πάντας
952 569 1099 637 ὀλέσθαι.

123 676 179 743 σοὶ
189 674 222 743 δ’
240 676 317 753 ὁδὸς
331 674 442 741 οὐκέτι
457 677 561 760 δηρὸν
575 674 762 760 ἀπέσσεται,
776 676 820 761 ῆν
834 680 877 742 σὺ
891 684 1060 764 μενοινᾷς·
1084 692 1135 741 285

123 794 216 860 τοῖος
237 784 301 867 γάρ
324 805 376 848 τοι
399 780 527 868 ἑταῖρος
550 781 613 865 ἐγὼ
636 783 802 867 πατρώιός
823 785 905 868 εἰμι,

124 888 161 966 ός
183 911 236 956 τοι
258 896 323 972 νῆα
344 888 434 971 θοήν
456 887 577 954 στελέω
600 886 655 953 καὶ
678 885 734 973 ἅμ’
760 887 881 973 ἕψομαι
904 887 1010 965 αὐτός.

124 994 208 1061 ἀλλά
231 997 274 1059 σὺ
296 990 357 1079 μὲν
379 996 462 1080 πρὸς
484 991 607 1079 δώματ’
635 996 696 1060 ίίον
718 1002 924 1079 μνηστῆρσιν
946 993 1068 1078 ὁμίλει,

124 1102 285 1168 ὅπλισσόν
306 1098 337 1164 τ’
362 1100 420 1183 ήια
441 1098 497 1166 καί
520 1102 656 1184 ἄγγεσιν
679 1102 784 1185 ἄρσον
806 1100 949 1183 ἅπαντα,

123 1203 219 1273 οἶνον
237 1206 274 1273 ἐν
292 1206 521 1292 ἀμφιφορεῦσι
537 1204 593 1273 καί
612 1207 745 1291 ἄλφιτα,
764 1206 887 1290 μυελὸν
906 1203 1050 1288 ἀνδρῶν,
1083 1219 1136 1268 290

123 1311 285 1398 δέρμασιν
308 1311 345 1378 ἐν
366 1322 571 1379 πυκινοῖσιν·
594 1311 658 1395 ἐγὼ
684 1310 714 1377 δ’
741 1311 805 1377 ἀνὰ
828 1313 936 1396 δῆμον
958 1308 1109 1394 ἑταίρους

123 1414 195 1497 αἶψ’
222 1418 443 1506 ἐθελοντῆρας
465 1416 671 1503 συλλέξομαι.
705 1417 770 1483 είσὶ
792 1414 829 1484 δέ
851 1425 928 1501 νῆες

122 1523 243 1591 πολλαὶ
266 1524 302 1591 ἐν
321 1524 475 1614 ἀμφιάλφ
495 1521 626 1609 Ἰθάκη,
650 1521 723 1589 νέαι
746 1519 805 1607 ήδέ
826 1523 976 1588 παλαιαί·

122 1631 212 1696 τάων
234 1630 295 1716 μέν
317 1655 369 1700 τοι
392 1630 478 1714 ἐγὼν
501 1629 689 1714 ἐπιόψομαι,
712 1631 733 1713 ή
756 1653 807 1706 τις
828 1626 962 1713 ἀρίστη,

122 1732 192 1802 ὦκα
215 1735 246 1802 δ’
273 1737 532 1822 ἐφοπλίσσαντες
554 1736 716 1819 ἐνήσομεν
738 1733 828 1821 εὐρέι
849 1734 993 1823 πόντςο.“
1082 1751 1134 1800 295

167 1838 212 1921 ὧς
235 1842 312 1927 φάτ’
335 1841 495 1927 Ἀθηναίη
524 1842 628 1926 κούρη
652 1844 750 1919 Διός·
773 1839 847 1907 οὐδ’
873 1838 927 1927 ἄρ’
948 1842 997 1905 ἐτι
1020 1841 1083 1924 δήν

4 2032 6 2041 y
127 1946 316 2033 Τηλέμαχος
337 1946 556 2033 παρέμιμνεν,
580 1945 651 2013 ἐπεὶ
673 1953 758 2013 θεοῦ
781 1950 898 2013 ἐκλυεν
919 1946 1035 2030 αὐδήν.

122 2056 165 2137 βῆ
185 2052 216 2118 δ’
242 2053 328 2120 ἰέναι
349 2056 432 2140 πρὸς
455 2055 549 2139 δῶμα
571 2056 673 2136 φίλον
695 2051 883 2137 τετιημένος
904 2046 1001 2137 ήτορ,
1114 2046 1117 2052 ’

123 2154 199 2245 εὗρε
223 2158 254 2225 δ’
280 2161 343 2247 ἄρα
366 2168 554 2245 μνηστῆρας
577 2158 744 2245 ἀγήνορας
766 2159 803 2225 έν
826 2158 1019 2242 μεγάροισιν

123 2261 218 2348 αἶγας
241 2263 434 2349 ἀνιεμένους
452 2266 588 2342 σιάλους
609 2262 647 2329 θ’
673 2264 811 2341 εὕοντας
833 2261 870 2329 ἐν
892 2262 986 2349 αὐλῆ.
1081 2280 1134 2331 800

119 2370 287 2449 ’Λντένοος
305 2370 336 2437 δ’
364 2374 442 2449 ἀθῦς
464 2372 603 2455 γελάσας
625 2374 676 2437 κίε
703 2370 921 2455 Τηλεμάχοιο,

122 2474 212 2544 ἐντ’
238 2478 302 2564 ἄρα
325 2478 361 2543 οί
380 2488 429 2563 φῦ
452 2481 551 2563 χειρί,
574 2481 652 2556 έπος
669 2476 699 2544 τ’
725 2475 820 2562 ἔφατ’
846 2480 883 2543 ἐκ
904 2475 934 2541 τ’
960 2477 1134 2563 ὀνόμαζεν·

123 2581 311 2669 ,Τηλέμαχ’
337 2582 506 2669 ὑψαγόρη,
530 2583 629 2668 μένος
650 2586 780 2669 ἄσχετε,
804 2588 848 2669 μή
866 2587 902 2651 τί
920 2608 972 2651 τοι
994 2585 1075 2650 ἄλλο

123 2690 160 2756 ἐν
183 2694 342 2775 στήθεσσι
365 2692 467 2757 κακὸν
489 2690 610 2775 μελέτω
638 2694 739 2777 ἔργον
760 2715 796 2758 τε
819 2694 897 2769 ἔπος
918 2714 969 2773 τε,

123 2795 206 2861 ἀλλά
224 2818 280 2880 μοι
299 2794 454 2881 ἐσθιέμεν
471 2795 526 2863 καὶ
548 2782 696 2882 πινέμεν,
719 2797 764 2875 ὡς
786 2798 824 2863 τὸ
841 2798 947 2883 πάρος
964 2819 1035 2884 περ.
1080 2814 1133 2864 ⁸05

122 2911 225 2968 ταῦτα
248 2900 288 2967 δέ
307 2925 359 2968 τοι
376 2904 463 2987 μάλα
485 2904 592 2969 πάντα
610 2906 864 2988 τελευτήσουσιν
883 2903 1023 2990 Ἀχαιοί,

123 3017 188 3091 νῆα
208 3006 264 3073 καὶ
283 3006 430 3085 ἐξαίτους
448 3008 572 3094 ἐρέτας,
596 3011 652 3076 ’ίνα
674 3016 807 3091 θᾶσσον
829 3012 920 3095 ἵκηαι

124 3112 157 3191 ἐς
180 3113 297 3179 Πάλον
319 3113 469 3199 ἠγαθέην
490 3114 559 3200 μετ’
586 3115 715 3199 ἀγαυοῦ
736 3118 860 3202 πατρὸς
882 3117 1040 3202 ἀκουήν.“

166 3220 226 3284 τὸν
248 3217 280 3284 δ’
305 3215 349 3285 αὖ
376 3219 563 3305 Τηλέμαχος
585 3220 793 3306 πεπνυμένος
814 3222 930 3289 ἀντίον
951 3225 1054 3308 ηῦδα·

124 3322 297 3408 ,,Ἀντίνο’,
320 3325 362 3391 οῦ
384 3348 453 3403 πως
475 3329 566 3392 ἐστιν
588 3326 825 3412 ὑπερφιάλοισι
843 3326 920 3414 μεθ’
945 3328 1026 3413 ὑμῖν
1080 3346 1134 3394 310

123 3432 310 3495 δαίνυσθαί
328 3426 357 3495 τ’
384 3428 523 3497 ἀκέοντα
545 3430 600 3497 καὶ
622 3433 866 3520 εὐφραίνεσθαι
888 3432 1017 3517 ἕκηλον.

124 3530 144 3620 ἦ
168 3536 229 3621 οὐχ
247 3536 334 3619 ἄλις,
358 3536 403 3613 ὡς
424 3537 463 3602 τὸ
485 3538 650 3624 πάροιθεν
673 3538 813 3627 ἐκείρετε
830 3540 936 3606 πολλά
953 3536 1009 3605 καὶ
1028 3538 1133 3604 ἐσθλὰ
