2642 3917
524 170 733 222 ΟΔΤΣΣΕΙΑΣ
750 171 783 224 X.

152 323 264 379 κεῖνον
287 315 350 399 γάρ
372 317 492 398 ταμίην
516 311 646 397 ἀνέμων
669 315 786 396 ποίησε
808 314 980 397 Κρονίων,

153 416 235 504 ήμδν
257 418 438 503 παυέμεναι
460 417 513 502 ήδ’
540 418 696 505 ὀρνύμεν,
719 418 759 483 όν
781 415 813 482 κ’
839 417 1004 503 ἐθέλῃσιν.

153 523 210 610 νηὶ
232 525 263 592 δ’
289 525 340 592 ἐνὶ
361 530 516 611 γλαφυρῇ
537 522 668 590 κατέδει
690 523 828 610 μέρμιθι
851 533 971 608 φαεινῇ

154 631 313 719 ἀργυρέῃ,
337 633 393 698 ἵνα
415 630 459 717 μή
482 653 515 697 τι
537 630 752 717 παραπνεύσῃ
775 629 890 713 ὀλίγον
912 650 987 715 περ·

154 739 257 825 αύτάρ
280 737 354 822 ἐμολ
375 738 496 821 πνοιὴν
520 737 679 823 Ζεφύρου
701 735 865 822 προέηκεν
888 736 1003 819 ἀήναι,
1130 753 1163 801 25

153 847 242 930 ὄφρα
265 843 363 930 φέροι
385 844 467 928 νήάς
489 867 524 909 τε
547 841 602 908 καλ
626 842 761 920 αὐτούς·
784 839 858 908 οὐδ’
884 837 937 927 ἄρ’
964 846 1098 926 ἔμελλεν

154 949 326 1017 ἐκτελέειν·
350 950 460 1016 αὐτῶν
483 949 547 1035 γάρ
571 945 760 1031 ἀπωλόμεθ’
788 947 1000 1033 ἀφραδίῃσιν.

197 1056 343 1141 ἐννῆμαρ
366 1052 427 1140 μὲν
450 1055 538 1141 όμῶς
559 1054 702 1138 πλέομεν
724 1054 846 1131 νύκτας
867 1077 902 1119 τε
924 1052 979 1119 καὶ
1002 1049 1105 1139 ήμαρ,

154 1174 193 1250 τῇ
217 1165 336 1249 δεκάτῃ
360 1161 391 1227 δ’
416 1163 481 1246 ήδη
504 1160 701 1246 ἀνεφαίνετο
724 1158 841 1246 πατρὶς
864 1161 1006 1246 ἄρουρα,

153 1268 208 1336 καὶ
232 1270 272 1353 δή
295 1267 541 1355 πυρπολέοντας
564 1266 764 1351 ἐλεύσσομεν
787 1265 885 1349 ἐγγὺς
907 1265 1030 1344 ἐόντες·
1130 1284 1164 1332 30

154 1374 227 1442 ἔνθ’
254 1372 309 1460 ἐμὲ
333 1371 393 1459 μὲν
415 1377 539 1458 γλυκύς
561 1373 666 1451 ὕπνος
688 1371 834 1457 ἐπήλυθε
857 1384 1042 1457 κεκμηῶτα,

155 1480 220 1547 αίελ
242 1483 305 1566 γὰρ
328 1482 415 1546 πόδα
437 1481 517 1564 νηὸς
540 1479 692 1563 ἐνώμων,
715 1477 798 1544 οὐδέ
818 1501 863 1566 τφ
887 1479 975 1566 ἀλλφ

156 1585 233 1672 δῶχ’
260 1586 401 1673 ἑτάρων,
424 1586 480 1650 ἵνα
502 1591 633 1650 θᾶσσον
658 1585 812 1668 ίκοίμεθα
834 1586 977 1670 πατρίδα
1000 1596 1111 1667 γαῖαν·

155 1694 191 1760 οί
212 1691 241 1758 δ’
268 1692 379 1778 ἕταροι
402 1690 531 1758 ἐπέεσσι
553 1691 635 1777 πρὸς
658 1688 823 1774 ἀλλήλους
846 1690 1012 1776 ἀγόρευον
1158 1760 1161 1763 ,

155 1802 213 1865 καί
232 1794 266 1884 μ’
293 1801 422 1882 ἔφασαν
443 1799 570 1883 χρυσόν
592 1819 627 1861 τε
650 1794 706 1860 καλ
729 1797 877 1881 άργυρον
896 1793 1002 1862 οἴκαδ’
1025 1799 1165 1881 άγεσθαι

155 1907 246 1991 δῶρα
269 1902 345 1989 παρ’
371 1906 500 1969 Αίόλου
527 1900 750 1988 μεγαλήτορος
768 1899 973 1968 Ἱπποτάδαο.
1131 1923 1165 1971 36

155 2007 220 2077 ὧδε
244 2010 283 2076 δέ
303 2034 352 2087 τις
375 2015 524 2076 εἴπεσκεν
548 2008 630 2073 ίδὼν
653 2007 686 2085 ἐς
708 2011 850 2092 πλησιόν
873 2009 989 2075 ἀλλον·

156 2119 193 2200 ,ὢ
216 2120 332 2198 πόποι,
356 2117 400 2193 ὡς
422 2115 479 2180 όδε
502 2124 582 2180 πᾶσι
605 2118 704 2199 φίλος
726 2112 782 2179 καλ
804 2116 911 2199 τίμιός
934 2115 1024 2180 ἐστιν

156 2223 362 2308 ἀνθρώποις,
386 2221 489 2286 ὅτεών
510 2245 545 2286 τε
568 2223 667 2285 πόλιν
689 2218 744 2285 καλ
767 2231 866 2303 γαῖαν
890 2221 1006 2303 ἵκηται.

155 2329 261 2394 πολλὰ
283 2325 344 2413 μέν
367 2328 403 2393 ἐκ
383 2329 513 2412 κίΤρο
508 2351 549 2457 ῃς
572 2328 685 2409 άγεται
706 2325 859 2411 κειμήλια
880 2329 964 2392 καλά
1132 2346 1166 2395 40

156 2436 285 2519 ληίδος,
308 2433 401 2518 ἡμεῖς
424 2431 454 2499 δ’
481 2427 558 2497 αὖτε
582 2431 668 2516 δμήν
691 2431 773 2498 ὁδὸν
796 2430 1021 2511 ἐκτελέσαντες

156 2541 269 2608 οἴκαδε
291 2542 475 2623 νισσόμεθα
497 2540 611 2616 κενεὰς
635 2541 699 2603 σὺν
720 2549 832 2623 χεῖρας
854 2540 997 2623 ἔχοντες·

155 2645 211 2713 καλ
232 2655 296 2712 νῦν
320 2647 355 2711 ολ
374 2643 446 2710 τάδ’
473 2645 574 2710 έδωκε
596 2647 808 2731 χαριζόμενος
830 2648 982 2730 φιλότητι

155 2758 288 2831 Αίολος.
334 2750 406 2818 ἀλλ’
433 2752 491 2835 ἄγε
514 2758 646 2817 θᾶσσον
670 2752 836 2836 ἰδώμεθα,
858 2752 928 2817 ὅττι
950 2751 1022 2817 τάδ’
1049 2753 1153 2836 ἐστίν,

156 2860 255 2937 ὅσσος
276 2882 326 2936 τις
348 2860 470 2944 χρυσός
492 2881 526 2923 τε
550 2855 604 2923 καὶ
628 2858 772 2944 άργνρος
795 2857 884 2946 ἀσκῷ
908 2859 1055 2924 ἔνεστιν.6
1133 2876 1166 2924 45

201 2960 245 3043 ὧς
267 2967 411 3049 έφασαν,
433 2964 539 3048 βουλή
563 2961 600 3029 δδ
623 2964 706 3047 κακή
728 2965 864 3047 νίκησεν
887 2962 1039 3050 ἑταίρων·

157 3071 259 3136 ἀσκὸν
281 3065 342 3154 μέν
365 3074 486 3154 λῦσαν,
510 3071 626 3154 ἀνεμοι
649 3068 680 3134 δ’
708 3068 743 3134 ἐκ
766 3070 885 3147 πάντες
908 3071 1062 3155 ὄρουσαν.

156 3179 234 3252 τοὺς
258 3173 289 3239 δ’
316 3171 386 3252 αἶψ’
413 3174 584 3260 ἁρπάξασα
608 3174 711 3261 φέρεν
733 3176 894 3241 πόντονδε
916 3175 1043 3241 θύελλα

157 3284 346 3364 κλαίοντας,
367 3283 463 3364 γαίης
486 3281 550 3345 άπο
574 3281 741 3366 πατρίδος.
788 3281 892 3365 αὐτὰρ
915 3279 979 3363 ἐγώ
1002 3304 1039 3363 γε

156 3385 333 3472 ἐγρόμενος
357 3386 439 3451 κατὰ
460 3386 573 3470 θυμὸν
596 3384 751 3470 ἀμύμονα
773 3385 970 3471 μερμήριξα,
1133 3402 1166 3450 50

156 3488 194 3575 ήέ
216 3493 325 3557 πεσὼν
348 3491 384 3557 ἐκ
405 3492 486 3576 νηὸς
509 3491 706 3576 ἀποφθίμην
729 3489 779 3557 ἐνλ
802 3495 928 3580 πόντῳ,
