2642 3917
517 176 727 229 ΟΔΤΣΣΕΙΔΣ
744 176 766 230 Ι.

136 318 169 382 εί
188 318 267 400 μετὰ
290 310 341 395 οἷς
364 315 508 403 ἕτύροισι
532 318 620 403 δύμη
647 319 772 403 Τρώων
795 316 846 384 ένλ
868 319 962 406 δήμῳ

11 456 14 463 ·
136 418 174 506 ήό
197 426 307 507 φίλων
329 423 367 489 έν
388 427 518 509 χερσίν,
541 422 611 490 ἐπεὶ
633 426 779 511 πόλεμον
795 425 1015 491 τολύπευσεν·

135 537 180 617 τῳ
204 527 261 595 κέν
284 529 320 595 οί
339 530 468 614 τύμβον
490 526 552 615 μέν
574 529 735 615 έποίησαν
758 533 960 615 Παναχαιοί,

135 633 197 718 ήδέ
217 658 253 700 κε
275 632 331 700 καί
353 627 380 723 ηδ
403 634 497 701 παιδὶ
519 634 603 722 μέγα
624 634 720 712 κλέος
741 632 835 720 ἤρατ’
861 635 996 701 ὀπίσσω.
1094 650 1147 699 240

39 770 41 773 ·
138 750 200 805 νῦν
222 739 263 807 δέ
282 765 340 826 μιν
359 740 496 819 ἀκλειῶς
518 742 656 828 ἅρπυιαι
679 740 917 826 ἀνηρείψαντο·

10 848 11 855 ’
136 843 234 931 οίχετ’
260 847 373 923 ἄιστος
395 848 555 929 ἀπυστος,
579 844 651 932 ἐμοὶ
675 844 706 912 δ’
733 846 857 923 ὀδύνας
878 870 913 912 τε
935 848 1037 930 γόους
1058 867 1094 911 τε

136 952 302 1017 κάλλιπεν.
326 950 409 1017 οὐδέ
428 975 461 1016 τι
483 963 595 1018 κεῖνον
618 952 822 1038 ὀδυρόμενος
843 954 1018 1036 στεναχίζω

136 1054 225 1142 οἷον,
248 1057 322 1124 ἐπεί
340 1057 384 1123 νύ
406 1078 463 1142 μοι
485 1059 568 1123 ἀλλα
590 1056 667 1123 θεολ
689 1058 772 1123 κακδ
794 1054 885 1141 κήδε’
911 1057 1054 1136 ἔτευξαν.

136 1164 231 1228 ὅσσοι
253 1164 317 1249 γὰρ
339 1166 494 1248 νήσοισιν
516 1162 767 1250 ἐπικρατέωσιν
790 1164 934 1246 ἄριστοι,
1095 1178 1148 1227 245

135 1272 305 1356 Δουλιχίῳ
327 1291 362 1334 τε
385 1270 483 1355 Σύμη
504 1292 540 1335 τε
562 1268 618 1335 καὶ
639 1270 774 1353 ὑλήεντι
797 1268 978 1355 Ζακύνθῳ,

135 1370 188 1456 ήδ’
215 1373 309 1439 ὅσσοι
331 1375 481 1460 κραναὴν
500 1373 635 1458 Ἰθάκην
656 1375 739 1440 κύτα
761 1371 1009 1459 κοιρανέουσιν,

135 1480 250 1545 τόσσοι
273 1476 384 1564 μητέρ’
411 1478 493 1564 ἐμήν
516 1491 677 1564 μνῶνται,
700 1480 860 1564 τρύχουσι
882 1475 920 1545 δέ
942 1474 1045 1545 οἶκον.

134 1585 156 1669 ή
179 1584 211 1652 δ’
238 1582 308 1651 οὔτ’
335 1584 482 1670 ἀρνεῖται
506 1586 667 1670 στυγερὸν
689 1586 798 1669 γάμον
819 1586 896 1650 ούτε
917 1586 1075 1670 τελευτήν

4 1738 19 1753 ,,
135 1699 272 1775 ποιησαι
295 1692 448 1757 δύναται·
471 1690 525 1758 τοί
548 1688 585 1757 δδ
608 1692 843 1777 φθινύθουσιν
865 1693 997 1769 ἔδοντες
1096 1708 1147 1759 250

136 1793 230 1863 οἶκον
253 1796 347 1882 έμόν·
369 1798 452 1882 τύχα
474 1799 517 1882 δή
540 1821 579 1882 με
603 1799 836 1883 διαρραίσουσι
857 1795 913 1863 καλ
936 1797 1071 1864 αὐτόν.“

179 1905 239 1969 τδν
261 1901 293 1970 δ’
320 1902 572 1987 ἐπαλαστήσασα
594 1904 769 1990 προσηύδα
793 1904 929 1981 Παλλὰς
949 1900 1088 1989 Ἀθήνη·

136 2008 185 2091 ,ὀ
207 2011 323 2093 πόποι,
345 2004 365 2093 ή
390 2010 431 2093 δή
454 2010 581 2075 πολλὸν
602 2006 824 2095 ἀποιχομένου
843 2006 1003 2092 Ὀδυσῆος

139 2116 235 2201 δεύη,
258 2116 276 2181 ὅ
298 2138 335 2181 κε
358 2123 563 2201 μνηστῆρσιν
586 2113 737 2181 ἀναιδέσι
758 2124 870 2200 χεῖρας
892 2112 996 2199 έφείη.

136 2221 168 2285 εί
187 2221 251 2308 γὰρ
272 2230 338 2287 νῦν
359 2221 471 2288 ἐλθὼν
493 2222 601 2306 δόμου
623 2220 661 2287 έν
682 2221 832 2306 πρώτησι
852 2220 1000 2305 θύρησιν
1096 2239 1148 2289 τοι

136 2330 231 2411 σταίη
255 2329 339 2413 ἔχων
361 2329 491 2411 πήληκα
512 2323 569 2391 καλ
591 2325 715 2391 ἀσπίδα
736 2324 792 2392 καὶ
815 2326 878 2392 δύο
901 2327 1018 2412 δοῦρε,

135 2443 225 2509 τοῖος
248 2432 327 2516 έών,
351 2423 424 2497 οίόν
446 2454 505 2516 μιν
527 2430 591 2514 έγό)
613 2432 655 2497 τὰ
676 2443 790 2517 πρῶτα
812 2434 918 2516 νόησα

136 2543 216 2625 οίκῳ
241 2537 277 2603 έν
298 2535 444 2625 ήμετέρῳ
467 2538 608 2603 πίνοντά
629 2560 666 2603 τε
686 2539 889 2621 τερπόμενόν
910 2560 961 2621 τε,

5 2690 6 2693 =
136 2643 169 2724 έξ
188 2642 334 2730 Ἐφύρης
355 2642 491 2709 ἀνιόντα
513 2640 591 2728 παρ’
609 2640 710 2708 Ἴλου
731 2644 960 2729 Μερμερίδαο·

137 2748 238 2838 ᾤχετο
261 2750 325 2835 γὰρ
347 2746 403 2814 καί
424 2759 513 2814 κεῖσε
535 2754 621 2832 θοῆς
643 2746 697 2813 έπλ
718 2748 799 2832 νηὸς
819 2745 996 2826 Ὀδυσσεύς
1095 2765 1148 2815 τοο

4 2912 5 2919 ,
136 2855 312 2941 φάρμακον
334 2853 549 2939 ἀνδροφόνον
571 2855 758 2937 διζήμενος,
781 2854 871 2938 ὀφρα
894 2854 929 2918 οί
949 2860 1000 2937 είη

136 2962 209 3037 ίοὺς
230 2963 384 3047 χρίεσθαι
406 2960 600 3045 χαλκήρεας·
623 2954 695 3022 ἀλλ’
722 2956 741 3022 ό
763 2953 824 3042 μὲν
846 2958 888 3023 ού
911 2958 947 3023 οί

136 3067 257 3150 δῶκεν,
280 3066 354 3133 έπεί
374 3066 416 3152 ήα
438 3068 542 3141 θεοὺς
563 3068 747 3149 νεμεσίζετο
771 3060 843 3129 αίὲν
866 3063 995 3147 ἐόντας,

134 3171 219 3237 ἀλλὰ
240 3175 347 3257 πατήρ
371 3172 408 3238 οί
427 3173 533 3237 δῶκεν
556 3169 647 3255 έμός·
670 3168 821 3255 φιλέεσκε
843 3170 908 3256 γὰρ
931 3173 1045 3248 αἰνῶς·

134 3290 225 3356 τοῖος
246 3277 311 3344 έόιν
333 3285 538 3364 μνηστῆρσιν
560 3275 749 3361 ὁμιλήσειεν
769 3272 959 3353 Ὀδυσσεύς·
1094 3292 1146 3342 265

134 3386 253 3462 πάντες
274 3381 306 3449 κ’
332 3384 504 3467 ὠκύμοροί
520 3404 557 3448 τε
579 3384 731 3464 γενοίατο
754 3382 955 3464 πικρόγαμοί
973 3404 1018 3446 τε.

134 3487 206 3556 ἀλλ’
232 3484 252 3573 ή
275 3512 327 3555 τοι
350 3484 411 3573 μέν
433 3496 537 3553 ταῦτα
558 3493 649 3553 θεῶν
671 3486 709 3553 έν
731 3486 872 3568 γούνασι
894 3496 1012 3568 κεῖται,
