<?xml version="1.0" encoding="UTF-8"?>
<!DOCTYPE html PUBLIC "-//W3C//DTD XHTML 1.0 Transitional//EN"
    "http://www.w3.org/TR/xhtml1/DTD/xhtml1-transitional.dtd">
<html xmlns="http://www.w3.org/1999/xhtml" xml:lang="en" lang="en">
 <head>
  <title>
</title>
<meta http-equiv="Content-Type" content="text/html;charset=utf-8" />
  <meta name='ocr-system' content='tesseract 3.04.00' />
  <meta name='ocr-capabilities' content='ocr_page ocr_carea ocr_par ocr_line ocrx_word'/>
</head>
<body>
  <div class='ocr_page' id='page_1' title='image "./homeriodyssea00dindgoog_0125.png"; bbox 0 0 2642 3917; ppageno 0'>
   <div class='ocr_carea' id='block_1_1' title="bbox 478 243 1115 306">
    <p class='ocr_par' dir='ltr' id='par_1_1' title="bbox 478 204 1115 306">
     <span class='ocr_line' id='line_1_1' title="bbox 478 243 1115 306; baseline 0.006 -11"><span class='ocrx_word' id='word_1_1' title='bbox 478 244 749 300; x_wconf 73' lang='grc' dir='ltr'><strong><em>οιυεεειιετε</em></strong></span> <span class='ocrx_word' id='word_1_2' title='bbox 1074 243 1115 306; x_wconf 76' lang='grc' dir='ltr'><strong><em>υτ</em></strong></span> 
     </span>
    </p>
   </div>
   <div class='ocr_carea' id='block_1_2' title="bbox 109 377 1152 2898">
    <p class='ocr_par' dir='ltr' id='par_1_2' title="bbox 111 377 1119 580">
     <span class='ocr_line' id='line_1_2' title="bbox 111 377 1045 476; baseline 0.007 -31"><span class='ocrx_word' id='word_1_3' title='bbox 111 379 195 446; x_wconf 83' lang='grc' dir='ltr'><strong><em>ἀλλὰ</em></strong></span> <span class='ocrx_word' id='word_1_4' title='bbox 217 377 301 466; x_wconf 86' lang='grc' dir='ltr'><strong><em>δότ’,</em></strong></span> <span class='ocrx_word' id='word_1_5' title='bbox 325 382 522 469; x_wconf 89' lang='grc' dir='ltr'><strong><em>ἀμφίπολοι,</em></strong></span> <span class='ocrx_word' id='word_1_6' title='bbox 547 385 642 476; x_wconf 85' lang='grc' dir='ltr'><strong><em>ξείνῳ</em></strong></span> <span class='ocrx_word' id='word_1_7' title='bbox 666 389 793 473; x_wconf 83' lang='grc' dir='ltr'><strong><em>βρῶσίν</em></strong></span> <span class='ocrx_word' id='word_1_8' title='bbox 815 411 850 452; x_wconf 88' lang='grc' dir='ltr'><strong><em>τε</em></strong></span> <span class='ocrx_word' id='word_1_9' title='bbox 872 389 973 452; x_wconf 89' lang='grc' dir='ltr'><strong><em>πόσιν</em></strong></span> <span class='ocrx_word' id='word_1_10' title='bbox 994 411 1045 471; x_wconf 90' lang='grc' dir='ltr'><strong><em>τε,</em></strong></span> 
     </span>
     <span class='ocr_line' id='line_1_3' title="bbox 111 481 1119 580; baseline 0.007 -30"><span class='ocrx_word' id='word_1_11' title='bbox 111 484 253 551; x_wconf 80' lang='grc' dir='ltr'><strong><em>λούσατέ</em></strong></span> <span class='ocrx_word' id='word_1_12' title='bbox 263 481 293 552; x_wconf 85' lang='grc' dir='ltr'><strong><em>τ’</em></strong></span> <span class='ocrx_word' id='word_1_13' title='bbox 309 487 346 554; x_wconf 77' lang='grc' dir='ltr'><strong><em>ἐν</em></strong></span> <span class='ocrx_word' id='word_1_14' title='bbox 359 499 510 580; x_wconf 75' lang='grc' dir='ltr'><strong><em>ποταμςδ,</em></strong></span> <span class='ocrx_word' id='word_1_15' title='bbox 526 487 582 558; x_wconf 85' lang='grc' dir='ltr'><strong><em>ὅθ’</em></strong></span> <span class='ocrx_word' id='word_1_16' title='bbox 599 489 653 557; x_wconf 82' lang='grc' dir='ltr'><strong><em>έπλ</em></strong></span> <span class='ocrx_word' id='word_1_17' title='bbox 667 489 788 569; x_wconf 79' lang='grc' dir='ltr'><strong><em>σκέπας</em></strong></span> <span class='ocrx_word' id='word_1_18' title='bbox 802 486 868 557; x_wconf 83' lang='grc' dir='ltr'><strong><em>ἔστ’</em></strong></span> <span class='ocrx_word' id='word_1_19' title='bbox 885 490 1053 576; x_wconf 84' lang='grc' dir='ltr'><strong><em>ἀνέμοιο.“</em></strong></span> <span class='ocrx_word' id='word_1_20' title='bbox 1067 509 1119 558; x_wconf 71' lang='grc' dir='ltr'><strong><em>ςι10</em></strong></span> 
     </span>
    </p>

    <p class='ocr_par' dir='ltr' id='par_1_3' title="bbox 110 587 1152 1525">
     <span class='ocr_line' id='line_1_4' title="bbox 155 587 1091 681; baseline 0.006 -24"><span class='ocrx_word' id='word_1_21' title='bbox 155 587 200 670; x_wconf 80' lang='grc' dir='ltr'><strong><em>ὧς</em></strong></span> <span class='ocrx_word' id='word_1_22' title='bbox 223 589 337 678; x_wconf 80' lang='grc' dir='ltr'><strong><em>ἔφαθ’,</em></strong></span> <span class='ocrx_word' id='word_1_23' title='bbox 361 596 399 660; x_wconf 88' lang='grc' dir='ltr'><strong><em>αί</em></strong></span> <span class='ocrx_word' id='word_1_24' title='bbox 419 591 450 662; x_wconf 89' lang='grc' dir='ltr'><strong><em>δ’</em></strong></span> <span class='ocrx_word' id='word_1_25' title='bbox 476 599 575 663; x_wconf 86' lang='grc' dir='ltr'><strong><em>έσταν</em></strong></span> <span class='ocrx_word' id='word_1_26' title='bbox 596 621 631 662; x_wconf 89' lang='grc' dir='ltr'><strong><em>τε</em></strong></span> <span class='ocrx_word' id='word_1_27' title='bbox 654 595 709 663; x_wconf 76' lang='grc' dir='ltr'><strong><em>καὶ</em></strong></span> <span class='ocrx_word' id='word_1_28' title='bbox 732 596 893 681; x_wconf 75' lang='grc' dir='ltr'><strong><em>ἀλλήλῃσι</em></strong></span> <span class='ocrx_word' id='word_1_29' title='bbox 915 596 1091 681; x_wconf 76' lang='grc' dir='ltr'><strong><em>κέλευσαν,</em></strong></span> 
     </span>
     <span class='ocr_line' id='line_1_5' title="bbox 111 692 1098 786; baseline 0.007 -24"><span class='ocrx_word' id='word_1_30' title='bbox 111 697 175 762; x_wconf 81' lang='grc' dir='ltr'><strong><em>κὰδ</em></strong></span> <span class='ocrx_word' id='word_1_31' title='bbox 196 692 228 763; x_wconf 90' lang='grc' dir='ltr'><strong><em>δ’</em></strong></span> <span class='ocrx_word' id='word_1_32' title='bbox 253 693 307 784; x_wconf 84' lang='grc' dir='ltr'><strong><em>ἀρ’</em></strong></span> <span class='ocrx_word' id='word_1_33' title='bbox 330 695 481 784; x_wconf 86' lang='grc' dir='ltr'><strong><em>Ὀδυσσῆ’</em></strong></span> <span class='ocrx_word' id='word_1_34' title='bbox 507 694 601 768; x_wconf 76' lang='grc' dir='ltr'><strong><em>εἷσαν</em></strong></span> <span class='ocrx_word' id='word_1_35' title='bbox 624 700 678 768; x_wconf 83' lang='grc' dir='ltr'><strong><em>έπλ</em></strong></span> <span class='ocrx_word' id='word_1_36' title='bbox 701 701 836 786; x_wconf 90' lang='grc' dir='ltr'><strong><em>σκέπας,</em></strong></span> <span class='ocrx_word' id='word_1_37' title='bbox 860 703 904 780; x_wconf 82' lang='grc' dir='ltr'><strong><em>ὡς</em></strong></span> <span class='ocrx_word' id='word_1_38' title='bbox 926 701 1098 769; x_wconf 78' lang='grc' dir='ltr'><strong><em>ἐκέλευσεν</em></strong></span> 
     </span>
     <span class='ocr_line' id='line_1_6' title="bbox 111 802 927 893; baseline 0.009 -26"><span class='ocrx_word' id='word_1_39' title='bbox 111 805 288 870; x_wconf 81' lang='grc' dir='ltr'><strong><em>Ναυσικάα</em></strong></span> <span class='ocrx_word' id='word_1_40' title='bbox 312 807 466 892; x_wconf 76' lang='grc' dir='ltr'><em>θυγάτηρ</em></span> <span class='ocrx_word' id='word_1_41' title='bbox 489 810 711 893; x_wconf 75' lang='grc' dir='ltr'><strong><em>μεγαλήτορος</em></strong></span> <span class='ocrx_word' id='word_1_42' title='bbox 730 802 927 874; x_wconf 79' lang='grc' dir='ltr'><strong><em>Ἀλκινόοιο·</em></strong></span> 
     </span>
     <span class='ocr_line' id='line_1_7' title="bbox 111 904 1062 1000; baseline 0.008 -26"><span class='ocrx_word' id='word_1_43' title='bbox 111 911 177 994; x_wconf 84' lang='grc' dir='ltr'><strong><em>πάρ</em></strong></span> <span class='ocrx_word' id='word_1_44' title='bbox 200 904 231 976; x_wconf 85' lang='grc' dir='ltr'><strong><em>δ’</em></strong></span> <span class='ocrx_word' id='word_1_45' title='bbox 257 912 320 996; x_wconf 86' lang='grc' dir='ltr'><strong><em>άρα</em></strong></span> <span class='ocrx_word' id='word_1_46' title='bbox 343 913 379 977; x_wconf 83' lang='grc' dir='ltr'><strong><em>οί</em></strong></span> <span class='ocrx_word' id='word_1_47' title='bbox 399 916 506 998; x_wconf 81' lang='grc' dir='ltr'><strong><em>φᾶρός</em></strong></span> <span class='ocrx_word' id='word_1_48' title='bbox 528 938 563 980; x_wconf 92' lang='grc' dir='ltr'><strong><em>τε</em></strong></span> <span class='ocrx_word' id='word_1_49' title='bbox 585 915 709 999; x_wconf 79' lang='grc' dir='ltr'><strong><em>χιτῶνά</em></strong></span> <span class='ocrx_word' id='word_1_50' title='bbox 729 937 765 980; x_wconf 88' lang='grc' dir='ltr'><strong><em>τε</em></strong></span> <span class='ocrx_word' id='word_1_51' title='bbox 787 912 892 1000; x_wconf 77' lang='grc' dir='ltr'><strong><em>εἵματ’</em></strong></span> <span class='ocrx_word' id='word_1_52' title='bbox 918 919 1062 1000; x_wconf 83' lang='grc' dir='ltr'><strong><em>ἔθηκαν,</em></strong></span> 
     </span>
     <span class='ocr_line' id='line_1_8' title="bbox 112 1013 1119 1108; baseline 0.004 -27"><span class='ocrx_word' id='word_1_53' title='bbox 112 1018 222 1082; x_wconf 83' lang='grc' dir='ltr'><strong><em>δῶκαν</em></strong></span> <span class='ocrx_word' id='word_1_54' title='bbox 245 1013 282 1082; x_wconf 69' lang='grc' dir='ltr'><strong><em>δὲ</em></strong></span> <span class='ocrx_word' id='word_1_55' title='bbox 303 1015 426 1104; x_wconf 77' lang='grc' dir='ltr'><strong><em>χρυσέῃ</em></strong></span> <span class='ocrx_word' id='word_1_56' title='bbox 449 1017 486 1084; x_wconf 83' lang='grc' dir='ltr'><strong><em>έν</em></strong></span> <span class='ocrx_word' id='word_1_57' title='bbox 509 1020 645 1108; x_wconf 89' lang='grc' dir='ltr'><strong><em>ληκύθῳ</em></strong></span> <span class='ocrx_word' id='word_1_58' title='bbox 668 1019 774 1106; x_wconf 80' lang='grc' dir='ltr'><strong><em>ὑγρὸν</em></strong></span> <span class='ocrx_word' id='word_1_59' title='bbox 797 1023 925 1104; x_wconf 88' lang='grc' dir='ltr'><strong><em>έλαιον,</em></strong></span> <span class='ocrx_word' id='word_1_60' title='bbox 1067 1037 1119 1086; x_wconf 82' lang='lat'><strong><em>215</em></strong></span> 
     </span>
     <span class='ocr_line' id='line_1_9' title="bbox 110 1115 968 1212; baseline 0.008 -27"><span class='ocrx_word' id='word_1_61' title='bbox 110 1121 243 1204; x_wconf 84' lang='grc' dir='ltr'><strong><em>ῆνωγον</em></strong></span> <span class='ocrx_word' id='word_1_62' title='bbox 266 1115 297 1185; x_wconf 91' lang='grc' dir='ltr'><strong><em>δ’</em></strong></span> <span class='ocrx_word' id='word_1_63' title='bbox 323 1123 386 1208; x_wconf 88' lang='grc' dir='ltr'><strong><em>άρα</em></strong></span> <span class='ocrx_word' id='word_1_64' title='bbox 409 1147 467 1206; x_wconf 91' lang='grc' dir='ltr'><strong><em>μιν</em></strong></span> <span class='ocrx_word' id='word_1_65' title='bbox 490 1128 634 1190; x_wconf 81' lang='grc' dir='ltr'><strong><em>λοῦσθαι</em></strong></span> <span class='ocrx_word' id='word_1_66' title='bbox 656 1137 818 1209; x_wconf 80' lang='grc' dir='ltr'><strong><em>ποταμοῖο</em></strong></span> <span class='ocrx_word' id='word_1_67' title='bbox 841 1127 968 1212; x_wconf 76' lang='grc' dir='ltr'><strong><em>όοῆσιν.</em></strong></span> 
     </span>
     <span class='ocr_line' id='line_1_10' title="bbox 111 1224 1024 1314; baseline 0.009 -25"><span class='ocrx_word' id='word_1_68' title='bbox 111 1227 153 1308; x_wconf 94' lang='grc' dir='ltr'><strong><em>δή</em></strong></span> <span class='ocrx_word' id='word_1_69' title='bbox 176 1226 218 1312; x_wconf 78' lang='grc' dir='ltr'><strong><em>ῥα</em></strong></span> <span class='ocrx_word' id='word_1_70' title='bbox 240 1224 307 1290; x_wconf 91' lang='grc' dir='ltr'><strong><em>τότ’</em></strong></span> <span class='ocrx_word' id='word_1_71' title='bbox 334 1226 550 1312; x_wconf 79' lang='grc' dir='ltr'><strong><em>ἀμφιπόλοισι</em></strong></span> <span class='ocrx_word' id='word_1_72' title='bbox 573 1231 720 1314; x_wconf 77' lang='grc' dir='ltr'><strong><em>μετηύδα</em></strong></span> <span class='ocrx_word' id='word_1_73' title='bbox 742 1232 814 1308; x_wconf 78' lang='grc' dir='ltr'><strong><em>δῖος</em></strong></span> <span class='ocrx_word' id='word_1_74' title='bbox 834 1228 1024 1308; x_wconf 88' lang='grc' dir='ltr'><strong><em>Ὀδυσσεύς·</em></strong></span> 
     </span>
     <span class='ocr_line' id='line_1_11' title="bbox 111 1331 1152 1427; baseline 0.007 -31"><span class='ocrx_word' id='word_1_75' title='bbox 111 1331 332 1416; x_wconf 88' lang='grc' dir='ltr'><strong><em>,,ιἰμφίπολοι,</em></strong></span> <span class='ocrx_word' id='word_1_76' title='bbox 361 1331 458 1417; x_wconf 88' lang='grc' dir='ltr'><strong><em>στῆθ’</em></strong></span> <span class='ocrx_word' id='word_1_77' title='bbox 486 1333 572 1400; x_wconf 81' lang='grc' dir='ltr'><strong><em>οὕτω</em></strong></span> <span class='ocrx_word' id='word_1_78' title='bbox 595 1335 805 1427; x_wconf 86' lang='grc' dir='ltr'><strong><em>ἀπόπροθεν,</em></strong></span> <span class='ocrx_word' id='word_1_79' title='bbox 829 1335 907 1422; x_wconf 84' lang='grc' dir='ltr'><strong><em>ὄφρ’</em></strong></span> <span class='ocrx_word' id='word_1_80' title='bbox 933 1336 997 1419; x_wconf 80' lang='grc' dir='ltr'><strong><em>ἐγὼ</em></strong></span> <span class='ocrx_word' id='word_1_81' title='bbox 1020 1337 1120 1413; x_wconf 84' lang='grc' dir='ltr'><strong><em>αὐτὸς</em></strong></span> <span class='ocrx_word' id='word_1_82' title='bbox 1150 1341 1152 1346; x_wconf 78' lang='grc'><strong>’</strong></span> 
     </span>
     <span class='ocr_line' id='line_1_12' title="bbox 111 1437 915 1530; baseline 0.006 -28"><span class='ocrx_word' id='word_1_83' title='bbox 111 1437 261 1521; x_wconf 77' lang='grc' dir='ltr'><strong><em>άλμην”</em></strong></span> <span class='ocrx_word' id='word_1_84' title='bbox 241 1461 359 1522; x_wconf 85' lang='grc' dir='ltr'><strong><em>υμοιιν</em></strong></span> <span class='ocrx_word' id='word_1_85' title='bbox 383 1437 626 1524; x_wconf 89' lang='grc' dir='ltr'><strong><em>ἀπολούσομαι,</em></strong></span> <span class='ocrx_word' id='word_1_86' title='bbox 651 1438 737 1525; x_wconf 77' lang='grc' dir='ltr'><strong><em>ἀμφὶ</em></strong></span> <span class='ocrx_word' id='word_1_87' title='bbox 760 1438 791 1506; x_wconf 72' lang='grc' dir='ltr'><strong><em>δ’</em></strong></span> <span class='ocrx_word' id='word_1_88' title='bbox 817 1441 915 1530; x_wconf 78' lang='grc' dir='ltr'><strong><em>ἐλαίῳ</em></strong></span> 
     </span>
    </p>

    <p class='ocr_par' dir='ltr' id='par_1_4' title="bbox 110 1507 1119 1842">
     <span class='ocr_line' id='line_1_13' title="bbox 110 1507 1119 1631; baseline 0.004 -23.085"><span class='ocrx_word' id='word_1_89' title='bbox 110 1546 277 1628; x_wconf 89' lang='grc' dir='ltr'><strong><em>χ·ρίσομαι</em></strong></span> <span class='ocrx_word' id='word_1_90' title='bbox 308 1538 329 1627; x_wconf 84' lang='grc' dir='ltr'><strong><em>ή</em></strong></span> <span class='ocrx_word' id='word_1_91' title='bbox 353 1544 416 1630; x_wconf 82' lang='grc' dir='ltr'><strong><em>γάρ</em></strong></span> <span class='ocrx_word' id='word_1_92' title='bbox 439 1544 584 1630; x_wconf 87' lang='grc' dir='ltr'><strong><em>δηρδν’</em></strong></span> <span class='ocrx_word' id='word_1_93' title='bbox 567 1547 631 1611; x_wconf 87' lang='grc' dir='ltr'><strong><em>απὸ</em></strong></span> <span class='ocrx_word' id='word_1_94' title='bbox 653 1545 791 1630; x_wconf 85' lang='grc' dir='ltr'><strong><em>χροόςέ</em></strong></span> <span class='ocrx_word' id='word_1_95' title='bbox 791 1563 866 1611; x_wconf 92' lang='grc' dir='ltr'><strong><em>στιν</em></strong></span> <span class='ocrx_word' id='word_1_96' title='bbox 888 1507 1020 1631; x_wconf 90' lang='grc' dir='ltr'><strong><em>ἀλοιφή.</em></strong></span> <span class='ocrx_word' id='word_1_97' title='bbox 1067 1563 1119 1612; x_wconf 78' lang='grc' dir='ltr'><strong><em>κκο</em></strong></span> 
     </span>
     <span class='ocr_line' id='line_1_14' title="bbox 111 1647 1045 1736; baseline 0.003 -23"><span class='ocrx_word' id='word_1_98' title='bbox 111 1651 214 1734; x_wconf 84' lang='grc' dir='ltr'><strong><em>ἀυτήν</em></strong></span> <span class='ocrx_word' id='word_1_99' title='bbox 237 1647 357 1715; x_wconf 89' lang='grc' dir='ltr'><strong><em>δὀὐκ</em></strong></span> <span class='ocrx_word' id='word_1_100' title='bbox 380 1648 423 1715; x_wconf 87' lang='grc' dir='ltr'><strong><em>διν</em></strong></span> <span class='ocrx_word' id='word_1_101' title='bbox 446 1649 509 1734; x_wconf 81' lang='grc' dir='ltr'><strong><em>ἐγώ</em></strong></span> <span class='ocrx_word' id='word_1_102' title='bbox 533 1674 570 1734; x_wconf 96' lang='grc' dir='ltr'><strong><em>γε</em></strong></span> <span class='ocrx_word' id='word_1_103' title='bbox 593 1650 784 1736; x_wconf 85' lang='grc' dir='ltr'><strong><em>λοέσσομαι·</em></strong></span> <span class='ocrx_word' id='word_1_104' title='bbox 808 1651 960 1735; x_wconf 80' lang='grc' dir='ltr'><strong><em>αἰδέομαι</em></strong></span> <span class='ocrx_word' id='word_1_105' title='bbox 983 1653 1045 1736; x_wconf 83' lang='grc' dir='ltr'><strong><em>γάρ</em></strong></span> 
     </span>
     <span class='ocr_line' id='line_1_15' title="bbox 110 1755 989 1842; baseline 0.006 -24"><span class='ocrx_word' id='word_1_106' title='bbox 110 1760 322 1839; x_wconf 85' lang='grc' dir='ltr'><strong><em>γυμνοῦσθαι</em></strong></span> <span class='ocrx_word' id='word_1_107' title='bbox 344 1756 506 1840; x_wconf 81' lang='grc' dir='ltr'><strong><em>κούρῃσιν</em></strong></span> <span class='ocrx_word' id='word_1_108' title='bbox 528 1755 765 1841; x_wconf 80' lang='grc' dir='ltr'><strong><em>ἐυπλοκάμοισι</em></strong></span> <span class='ocrx_word' id='word_1_109' title='bbox 787 1759 989 1842; x_wconf 79' lang='grc' dir='ltr'><strong><em>μετελθών.“</em></strong></span> 
     </span>
    </p>

    <p class='ocr_par' dir='ltr' id='par_1_5' title="bbox 109 1855 1118 2898">
     <span class='ocr_line' id='line_1_16' title="bbox 155 1855 1118 1950; baseline 0.002 -24"><span class='ocrx_word' id='word_1_110' title='bbox 155 1856 200 1937; x_wconf 84' lang='grc' dir='ltr'><strong><em>ὧς</em></strong></span> <span class='ocrx_word' id='word_1_111' title='bbox 217 1855 332 1945; x_wconf 80' lang='grc' dir='ltr'><strong><em>ἔφαθ’,</em></strong></span> <span class='ocrx_word' id='word_1_112' title='bbox 351 1861 388 1925; x_wconf 86' lang='grc' dir='ltr'><strong><em>αί</em></strong></span> <span class='ocrx_word' id='word_1_113' title='bbox 405 1858 436 1925; x_wconf 91' lang='grc' dir='ltr'><strong><em>δ’</em></strong></span> <span class='ocrx_word' id='word_1_114' title='bbox 454 1859 645 1927; x_wconf 78' lang='grc' dir='ltr'><strong><em>ἀπάνευθεν</em></strong></span> <span class='ocrx_word' id='word_1_115' title='bbox 659 1869 751 1946; x_wconf 83' lang='grc' dir='ltr'><strong><em>ίσαν,</em></strong></span> <span class='ocrx_word' id='word_1_116' title='bbox 770 1859 865 1928; x_wconf 81' lang='grc' dir='ltr'><strong><em>εἶπον</em></strong></span> <span class='ocrx_word' id='word_1_117' title='bbox 879 1859 910 1928; x_wconf 91' lang='grc' dir='ltr'><strong><em>δ’</em></strong></span> <span class='ocrx_word' id='word_1_118' title='bbox 927 1865 991 1948; x_wconf 88' lang='grc' dir='ltr'><strong><em>άρα</em></strong></span> <span class='ocrx_word' id='word_1_119' title='bbox 1004 1865 1118 1950; x_wconf 91' lang='grc' dir='ltr'><strong><em>κούρῃ.</em></strong></span> 
     </span>
     <span class='ocr_line' id='line_1_17' title="bbox 110 1966 1013 2054; baseline 0.004 -23"><span class='ocrx_word' id='word_1_120' title='bbox 110 1966 215 2051; x_wconf 81' lang='grc' dir='ltr'><strong><em>αὐτὰρ</em></strong></span> <span class='ocrx_word' id='word_1_121' title='bbox 239 1966 257 2032; x_wconf 87' lang='grc' dir='ltr'><strong><em>δ</em></strong></span> <span class='ocrx_word' id='word_1_122' title='bbox 281 1966 316 2032; x_wconf 86' lang='grc' dir='ltr'><strong><em>έκ</em></strong></span> <span class='ocrx_word' id='word_1_123' title='bbox 338 1976 488 2050; x_wconf 87' lang='grc' dir='ltr'><strong><em>ποταμοῦ</em></strong></span> <span class='ocrx_word' id='word_1_124' title='bbox 511 1970 593 2054; x_wconf 86' lang='grc' dir='ltr'><strong><em>χρόα</em></strong></span> <span class='ocrx_word' id='word_1_125' title='bbox 615 1971 722 2046; x_wconf 81' lang='grc' dir='ltr'><strong><em>νίζετο</em></strong></span> <span class='ocrx_word' id='word_1_126' title='bbox 746 1970 818 2045; x_wconf 78' lang='grc' dir='ltr'><strong><em>δῖος</em></strong></span> <span class='ocrx_word' id='word_1_127' title='bbox 836 1967 1013 2046; x_wconf 86' lang='grc' dir='ltr'><strong><em>Ὀδυσσεὺς</em></strong></span> 
     </span>
     <span class='ocr_line' id='line_1_18' title="bbox 110 2070 1118 2158; baseline 0.003 -21"><span class='ocrx_word' id='word_1_128' title='bbox 110 2073 233 2157; x_wconf 80' lang='grc' dir='ltr'><strong><em>ἅλμην,</em></strong></span> <span class='ocrx_word' id='word_1_129' title='bbox 256 2074 278 2156; x_wconf 87' lang='grc' dir='ltr'><strong><em>ή</em></strong></span> <span class='ocrx_word' id='word_1_130' title='bbox 300 2072 336 2138; x_wconf 86' lang='grc' dir='ltr'><strong><em>οί</em></strong></span> <span class='ocrx_word' id='word_1_131' title='bbox 355 2085 444 2138; x_wconf 83' lang='grc' dir='ltr'><strong><em>νῶτα</em></strong></span> <span class='ocrx_word' id='word_1_132' title='bbox 467 2070 522 2138; x_wconf 76' lang='grc' dir='ltr'><strong><em>καὶ</em></strong></span> <span class='ocrx_word' id='word_1_133' title='bbox 545 2070 661 2157; x_wconf 86' lang='grc' dir='ltr'><strong><em>εὐρέας</em></strong></span> <span class='ocrx_word' id='word_1_134' title='bbox 683 2074 827 2157; x_wconf 80' lang='grc' dir='ltr'><strong><em>ἄμπεχεν</em></strong></span> <span class='ocrx_word' id='word_1_135' title='bbox 850 2075 976 2158; x_wconf 82' lang='grc' dir='ltr'><strong><em>ὤμους,</em></strong></span> <span class='ocrx_word' id='word_1_136' title='bbox 1066 2091 1118 2141; x_wconf 72' lang='lat'><strong><em>226</em></strong></span> 
     </span>
     <span class='ocr_line' id='line_1_19' title="bbox 110 2175 984 2266; baseline 0.002 -23"><span class='ocrx_word' id='word_1_137' title='bbox 110 2177 146 2243; x_wconf 89' lang='grc' dir='ltr'><strong><em>έκ</em></strong></span> <span class='ocrx_word' id='word_1_138' title='bbox 169 2183 314 2262; x_wconf 75' lang='grc' dir='ltr'><strong><em>κεφαλῆς</em></strong></span> <span class='ocrx_word' id='word_1_139' title='bbox 337 2175 367 2243; x_wconf 87' lang='grc' dir='ltr'><strong><em>δ’</em></strong></span> <span class='ocrx_word' id='word_1_140' title='bbox 394 2181 535 2262; x_wconf 82' lang='grc' dir='ltr'><strong><em>ἔσμηχεν</em></strong></span> <span class='ocrx_word' id='word_1_141' title='bbox 557 2177 636 2255; x_wconf 88' lang='grc' dir='ltr'><strong><em>άλδς</em></strong></span> <span class='ocrx_word' id='word_1_142' title='bbox 657 2181 760 2263; x_wconf 91' lang='grc' dir='ltr'><strong><em>χνόον</em></strong></span> <span class='ocrx_word' id='word_1_143' title='bbox 784 2178 984 2266; x_wconf 84' lang='grc' dir='ltr'><strong><em>ἀτρυγέτοιο.</em></strong></span> 
     </span>
     <span class='ocr_line' id='line_1_20' title="bbox 110 2280 1029 2369; baseline 0.001 -20"><span class='ocrx_word' id='word_1_144' title='bbox 110 2283 214 2369; x_wconf 81' lang='grc' dir='ltr'><strong><em>αὐτὰρ</em></strong></span> <span class='ocrx_word' id='word_1_145' title='bbox 238 2280 308 2349; x_wconf 83' lang='grc' dir='ltr'><strong><em>έπελ</em></strong></span> <span class='ocrx_word' id='word_1_146' title='bbox 331 2283 372 2366; x_wconf 83' lang='grc' dir='ltr'><strong><em>δή</em></strong></span> <span class='ocrx_word' id='word_1_147' title='bbox 395 2284 502 2348; x_wconf 90' lang='grc' dir='ltr'><strong><em>πάντα</em></strong></span> <span class='ocrx_word' id='word_1_148' title='bbox 525 2281 685 2349; x_wconf 87' lang='grc' dir='ltr'><strong><em>λοέσσατο</em></strong></span> <span class='ocrx_word' id='word_1_149' title='bbox 707 2280 763 2348; x_wconf 80' lang='grc' dir='ltr'><strong><em>καὶ</em></strong></span> <span class='ocrx_word' id='word_1_150' title='bbox 786 2282 854 2349; x_wconf 88' lang='grc' dir='ltr'><strong><em>λίπ’</em></strong></span> <span class='ocrx_word' id='word_1_151' title='bbox 880 2286 1029 2368; x_wconf 80' lang='grc' dir='ltr'><strong><em>άλειῦεν,</em></strong></span> 
     </span>
     <span class='ocr_line' id='line_1_21' title="bbox 110 2384 1084 2475; baseline 0.001 -20"><span class='ocrx_word' id='word_1_152' title='bbox 110 2388 196 2474; x_wconf 80' lang='grc' dir='ltr'><strong><em>ἀμφὶ</em></strong></span> <span class='ocrx_word' id='word_1_153' title='bbox 218 2384 255 2454; x_wconf 75' lang='grc' dir='ltr'><strong><em>δέ</em></strong></span> <span class='ocrx_word' id='word_1_154' title='bbox 278 2389 392 2473; x_wconf 77' lang='grc' dir='ltr'><strong><em>εἵματα</em></strong></span> <span class='ocrx_word' id='word_1_155' title='bbox 416 2386 547 2472; x_wconf 83' lang='grc' dir='ltr'><strong><em>ἕσσαθ’,</em></strong></span> <span class='ocrx_word' id='word_1_156' title='bbox 570 2389 592 2453; x_wconf 83' lang='grc' dir='ltr'><strong><em>ά</em></strong></span> <span class='ocrx_word' id='word_1_157' title='bbox 614 2390 650 2453; x_wconf 87' lang='grc' dir='ltr'><strong><em>οί</em></strong></span> <span class='ocrx_word' id='word_1_158' title='bbox 670 2391 751 2473; x_wconf 86' lang='grc' dir='ltr'><strong><em>πόρε</em></strong></span> <span class='ocrx_word' id='word_1_159' title='bbox 773 2388 942 2475; x_wconf 87' lang='grc' dir='ltr'><strong><em>παρθένος</em></strong></span> <span class='ocrx_word' id='word_1_160' title='bbox 963 2391 1084 2475; x_wconf 89' lang='grc' dir='ltr'><strong><em>ἀδμής,</em></strong></span> 
     </span>
     <span class='ocr_line' id='line_1_22' title="bbox 109 2491 868 2579; baseline 0 -19"><span class='ocrx_word' id='word_1_161' title='bbox 109 2497 169 2561; x_wconf 91' lang='grc' dir='ltr'><strong><em>τὸν</em></strong></span> <span class='ocrx_word' id='word_1_162' title='bbox 192 2491 252 2579; x_wconf 70' lang='grc' dir='ltr'><strong><em>μέν</em></strong></span> <span class='ocrx_word' id='word_1_163' title='bbox 272 2493 431 2579; x_wconf 80' lang='grc' dir='ltr'><strong><em>Ἀθηναίη</em></strong></span> <span class='ocrx_word' id='word_1_164' title='bbox 454 2499 561 2578; x_wconf 87' lang='grc' dir='ltr'><strong><em>θῆκεν</em></strong></span> <span class='ocrx_word' id='word_1_165' title='bbox 587 2497 671 2572; x_wconf 85' lang='grc' dir='ltr'><strong><em>Διὸς</em></strong></span> <span class='ocrx_word' id='word_1_166' title='bbox 694 2494 868 2577; x_wconf 72' lang='grc' dir='ltr'><strong><em>ἐκγεγαυῖα</em></strong></span> 
     </span>
     <span class='ocr_line' id='line_1_23' title="bbox 109 2591 1118 2686; baseline 0.005 -22"><span class='ocrx_word' id='word_1_167' title='bbox 109 2600 242 2684; x_wconf 82' lang='grc' dir='ltr'><strong><em>μείζονά</em></strong></span> <span class='ocrx_word' id='word_1_168' title='bbox 264 2597 293 2664; x_wconf 91' lang='grc' dir='ltr'><strong><em>τ’</em></strong></span> <span class='ocrx_word' id='word_1_169' title='bbox 320 2597 473 2665; x_wconf 82' lang='grc' dir='ltr'><strong><em>εἰσιδέειν</em></strong></span> <span class='ocrx_word' id='word_1_170' title='bbox 496 2596 551 2664; x_wconf 76' lang='grc' dir='ltr'><strong><em>καὶ</em></strong></span> <span class='ocrx_word' id='word_1_171' title='bbox 573 2600 740 2683; x_wconf 87' lang='grc' dir='ltr'><strong><em>πάσσονα,</em></strong></span> <span class='ocrx_word' id='word_1_172' title='bbox 763 2591 827 2664; x_wconf 80' lang='grc' dir='ltr'><strong><em>κὰδ</em></strong></span> <span class='ocrx_word' id='word_1_173' title='bbox 845 2598 882 2666; x_wconf 72' lang='grc' dir='ltr'><strong><em>δέ</em></strong></span> <span class='ocrx_word' id='word_1_174' title='bbox 901 2602 1041 2686; x_wconf 90' lang='grc' dir='ltr'><strong><em>κάρητος</em></strong></span> <span class='ocrx_word' id='word_1_175' title='bbox 1065 2621 1118 2670; x_wconf 77' lang='lat'><strong><em>230</em></strong></span> 
     </span>
     <span class='ocr_line' id='line_1_24' title="bbox 110 2699 909 2792; baseline 0 -22"><span class='ocrx_word' id='word_1_176' title='bbox 110 2705 211 2781; x_wconf 86' lang='grc' dir='ltr'><strong><em>ούλας</em></strong></span> <span class='ocrx_word' id='word_1_177' title='bbox 232 2699 290 2787; x_wconf 80' lang='grc' dir='ltr'><strong><em>ῆκε</em></strong></span> <span class='ocrx_word' id='word_1_178' title='bbox 313 2705 430 2787; x_wconf 87' lang='grc' dir='ltr'><strong><em>κόμας,</em></strong></span> <span class='ocrx_word' id='word_1_179' title='bbox 453 2701 639 2792; x_wconf 77' lang='grc' dir='ltr'><strong><em>ὑακινθίνῳ</em></strong></span> <span class='ocrx_word' id='word_1_180' title='bbox 664 2705 762 2768; x_wconf 84' lang='grc' dir='ltr'><strong><em>άνθει</em></strong></span> <span class='ocrx_word' id='word_1_181' title='bbox 785 2703 909 2787; x_wconf 90' lang='grc' dir='ltr'><strong><em>δμοίας.</em></strong></span> 
     </span>
     <span class='ocr_line' id='line_1_25' title="bbox 110 2808 1001 2898; baseline 0 -22"><span class='ocrx_word' id='word_1_182' title='bbox 110 2811 155 2888; x_wconf 82' lang='grc' dir='ltr'><strong><em>ὡς</em></strong></span> <span class='ocrx_word' id='word_1_183' title='bbox 178 2808 208 2876; x_wconf 91' lang='grc' dir='ltr'><strong><em>δ’</em></strong></span> <span class='ocrx_word' id='word_1_184' title='bbox 235 2810 288 2875; x_wconf 78' lang='grc' dir='ltr'><strong><em>ὅτε</em></strong></span> <span class='ocrx_word' id='word_1_185' title='bbox 311 2832 361 2887; x_wconf 90' lang='grc' dir='ltr'><strong><em>τις</em></strong></span> <span class='ocrx_word' id='word_1_186' title='bbox 382 2810 508 2893; x_wconf 85' lang='grc' dir='ltr'><strong><em>χρυσὸν</em></strong></span> <span class='ocrx_word' id='word_1_187' title='bbox 531 2811 736 2894; x_wconf 84' lang='grc' dir='ltr'><strong><em>περιχεύεται</em></strong></span> <span class='ocrx_word' id='word_1_188' title='bbox 759 2808 893 2898; x_wconf 88' lang='grc' dir='ltr'><strong><em>ἀργύρῳ</em></strong></span> <span class='ocrx_word' id='word_1_189' title='bbox 917 2811 1001 2896; x_wconf 84' lang='grc' dir='ltr'><strong><em>ἀνὴρ</em></strong></span> 
     </span>
    </p>
   </div>
   <div class='ocr_carea' id='block_1_3' title="bbox 9 2912 992 3003">
    <p class='ocr_par' dir='ltr' id='par_1_6' title="bbox 9 2912 992 3003">
     <span class='ocr_line' id='line_1_26' title="bbox 9 2912 992 3003; baseline 0.008 -27"><span class='ocrx_word' id='word_1_190' title='bbox 9 2935 11 2940; x_wconf 95' lang='grc'><strong><em>·</em></strong></span> <span class='ocrx_word' id='word_1_191' title='bbox 109 2918 209 3001; x_wconf 78' lang='grc' dir='ltr'><strong><em>ἴδρις,</em></strong></span> <span class='ocrx_word' id='word_1_192' title='bbox 233 2914 273 2980; x_wconf 89' lang='grc' dir='ltr'><strong><em>ὃν</em></strong></span> <span class='ocrx_word' id='word_1_193' title='bbox 288 2913 472 2998; x_wconf 89' lang='grc' dir='ltr'><strong><em>Ἥφαιστος</em></strong></span> <span class='ocrx_word' id='word_1_194' title='bbox 495 2913 614 2980; x_wconf 87' lang='grc' dir='ltr'><strong><em>δέδαεν</em></strong></span> <span class='ocrx_word' id='word_1_195' title='bbox 635 2912 691 2981; x_wconf 83' lang='grc' dir='ltr'><strong><em>καὶ</em></strong></span> <span class='ocrx_word' id='word_1_196' title='bbox 714 2915 849 2993; x_wconf 86' lang='grc' dir='ltr'><strong><em>Παλλάς</em></strong></span> <span class='ocrx_word' id='word_1_197' title='bbox 868 2913 992 3003; x_wconf 89' lang='grc' dir='ltr'><strong><em>Ἀθήνη</em></strong></span> 
     </span>
    </p>
   </div>
   <div class='ocr_carea' id='block_1_4' title="bbox 108 3017 1116 3527">
    <p class='ocr_par' dir='ltr' id='par_1_7' title="bbox 109 3017 958 3115">
     <span class='ocr_line' id='line_1_27' title="bbox 109 3017 958 3115; baseline 0 -29"><span class='ocrx_word' id='word_1_198' title='bbox 109 3021 227 3106; x_wconf 85' lang='grc' dir='ltr'><strong><em>τέχνην</em></strong></span> <span class='ocrx_word' id='word_1_199' title='bbox 249 3023 424 3103; x_wconf 89' lang='grc' dir='ltr'><strong><em>παντοίην,</em></strong></span> <span class='ocrx_word' id='word_1_200' title='bbox 447 3023 600 3106; x_wconf 87' lang='grc' dir='ltr'><strong><em>χαρίεντα</em></strong></span> <span class='ocrx_word' id='word_1_201' title='bbox 624 3017 660 3086; x_wconf 69' lang='grc' dir='ltr'><strong><em>δὲ</em></strong></span> <span class='ocrx_word' id='word_1_202' title='bbox 683 3023 764 3105; x_wconf 78' lang='grc' dir='ltr'><strong><em>ἔργα</em></strong></span> <span class='ocrx_word' id='word_1_203' title='bbox 785 3025 917 3104; x_wconf 87' lang='grc' dir='ltr'><strong><em>τελείει,</em></strong></span> <span class='ocrx_word' id='word_1_204' title='bbox 956 3111 958 3115; x_wconf 9' lang='lat'><strong>¹</strong></span> 
     </span>
    </p>

    <p class='ocr_par' dir='ltr' id='par_1_8' title="bbox 108 3124 1116 3424">
     <span class='ocr_line' id='line_1_28' title="bbox 109 3124 1116 3216; baseline 0.003 -22"><span class='ocrx_word' id='word_1_205' title='bbox 109 3124 154 3205; x_wconf 83' lang='grc' dir='ltr'><strong><em>ὧς</em></strong></span> <span class='ocrx_word' id='word_1_206' title='bbox 176 3129 239 3214; x_wconf 85' lang='grc' dir='ltr'><strong><em>ἀρα</em></strong></span> <span class='ocrx_word' id='word_1_207' title='bbox 261 3136 306 3216; x_wconf 76' lang='grc' dir='ltr'><strong><em>τῷ</em></strong></span> <span class='ocrx_word' id='word_1_208' title='bbox 329 3126 481 3212; x_wconf 87' lang='grc' dir='ltr'><strong><em>κατέχευε</em></strong></span> <span class='ocrx_word' id='word_1_209' title='bbox 503 3127 601 3212; x_wconf 89' lang='grc' dir='ltr'><strong><em>χάριν</em></strong></span> <span class='ocrx_word' id='word_1_210' title='bbox 623 3132 750 3212; x_wconf 84' lang='grc' dir='ltr'><strong><em>κεφαλῆ</em></strong></span> <span class='ocrx_word' id='word_1_211' title='bbox 773 3150 808 3192; x_wconf 88' lang='grc' dir='ltr'><strong><em>τε</em></strong></span> <span class='ocrx_word' id='word_1_212' title='bbox 831 3127 886 3193; x_wconf 87' lang='grc' dir='ltr'><strong><em>καλ</em></strong></span> <span class='ocrx_word' id='word_1_213' title='bbox 908 3130 1017 3213; x_wconf 80' lang='grc' dir='ltr'><strong><em>ὤμοις.</em></strong></span> <span class='ocrx_word' id='word_1_214' title='bbox 1065 3149 1116 3197; x_wconf 76' lang='lat'><strong><em>235</em></strong></span> 
     </span>
     <span class='ocr_line' id='line_1_29' title="bbox 108 3230 1000 3317; baseline -0.001 -18"><span class='ocrx_word' id='word_1_215' title='bbox 108 3231 186 3313; x_wconf 78' lang='grc' dir='ltr'><strong><em>ἕζετ’</em></strong></span> <span class='ocrx_word' id='word_1_216' title='bbox 213 3230 311 3299; x_wconf 80' lang='grc' dir='ltr'><strong><em>ἔπειτ’</em></strong></span> <span class='ocrx_word' id='word_1_217' title='bbox 338 3232 507 3298; x_wconf 91' lang='grc' dir='ltr'><strong><em>ἀπάνευθε</em></strong></span> <span class='ocrx_word' id='word_1_218' title='bbox 529 3234 612 3316; x_wconf 87' lang='grc' dir='ltr'><strong><em>κιὼν</em></strong></span> <span class='ocrx_word' id='word_1_219' title='bbox 634 3230 688 3296; x_wconf 84' lang='grc' dir='ltr'><strong><em>έπλ</em></strong></span> <span class='ocrx_word' id='word_1_220' title='bbox 710 3237 792 3296; x_wconf 77' lang='grc' dir='ltr'><strong><em>θῖνα</em></strong></span> <span class='ocrx_word' id='word_1_221' title='bbox 814 3232 1000 3317; x_wconf 88' lang='grc' dir='ltr'><strong><em>θαλάσσης,</em></strong></span> 
     </span>
     <span class='ocr_line' id='line_1_30' title="bbox 108 3333 956 3424; baseline -0.001 -21"><span class='ocrx_word' id='word_1_222' title='bbox 108 3339 220 3404; x_wconf 89' lang='grc' dir='ltr'><strong><em>κάλλει</em></strong></span> <span class='ocrx_word' id='word_1_223' title='bbox 242 3335 298 3403; x_wconf 85' lang='grc' dir='ltr'><strong><em>καλ</em></strong></span> <span class='ocrx_word' id='word_1_224' title='bbox 319 3340 430 3424; x_wconf 87' lang='grc' dir='ltr'><strong><em>χάρισι</em></strong></span> <span class='ocrx_word' id='word_1_225' title='bbox 454 3339 611 3420; x_wconf 82' lang='grc' dir='ltr'><strong><em>στίλβων·</em></strong></span> <span class='ocrx_word' id='word_1_226' title='bbox 642 3343 759 3419; x_wconf 78' lang='grc' dir='ltr'><strong><em>θηεῖτο</em></strong></span> <span class='ocrx_word' id='word_1_227' title='bbox 783 3333 820 3401; x_wconf 70' lang='grc' dir='ltr'><strong><em>δὲ</em></strong></span> <span class='ocrx_word' id='word_1_228' title='bbox 843 3338 956 3422; x_wconf 89' lang='grc' dir='ltr'><strong><em>κούρη.</em></strong></span> 
     </span>
    </p>

    <p class='ocr_par' dir='ltr' id='par_1_9' title="bbox 109 3440 1013 3527">
     <span class='ocr_line' id='line_1_31' title="bbox 109 3440 1013 3527; baseline -0.001 -19"><span class='ocrx_word' id='word_1_229' title='bbox 109 3444 152 3526; x_wconf 94' lang='grc' dir='ltr'><strong><em>δή</em></strong></span> <span class='ocrx_word' id='word_1_230' title='bbox 175 3443 216 3527; x_wconf 76' lang='grc' dir='ltr'><strong><em>ῥα</em></strong></span> <span class='ocrx_word' id='word_1_231' title='bbox 238 3441 305 3508; x_wconf 90' lang='grc' dir='ltr'><strong><em>τότ’</em></strong></span> <span class='ocrx_word' id='word_1_232' title='bbox 331 3443 569 3526; x_wconf 87' lang='grc' dir='ltr'><strong><em>ἀμφιπόλοισιν</em></strong></span> <span class='ocrx_word' id='word_1_233' title='bbox 592 3440 829 3525; x_wconf 77' lang='grc' dir='ltr'><strong><em>ἐυπλοκάμοισι</em></strong></span> <span class='ocrx_word' id='word_1_234' title='bbox 852 3443 1013 3525; x_wconf 86' lang='grc' dir='ltr'><strong><em>μετηύδα·</em></strong></span> 
     </span>
    </p>
   </div>
   <div class='ocr_carea' id='block_1_5' title="bbox 109 3545 1046 3704">
    <p class='ocr_par' dir='ltr' id='par_1_10' title="bbox 109 3545 1046 3704">
     <span class='ocr_line' id='line_1_32' title="bbox 109 3545 1046 3634; baseline -0.005 -20"><span class='ocrx_word' id='word_1_235' title='bbox 109 3545 231 3633; x_wconf 66' lang='grc' dir='ltr'><strong><em>,κλῦτέ</em></strong></span> <span class='ocrx_word' id='word_1_236' title='bbox 251 3572 328 3634; x_wconf 90' lang='grc' dir='ltr'><strong><em>μευ,</em></strong></span> <span class='ocrx_word' id='word_1_237' title='bbox 351 3548 534 3631; x_wconf 87' lang='grc' dir='ltr'><strong><em>ἀμφίπολοι</em></strong></span> <span class='ocrx_word' id='word_1_238' title='bbox 556 3547 769 3630; x_wconf 82' lang='grc' dir='ltr'><strong><em>λευκώλενοι,</em></strong></span> <span class='ocrx_word' id='word_1_239' title='bbox 793 3548 881 3630; x_wconf 86' lang='grc' dir='ltr'><strong><em>όφρα</em></strong></span> <span class='ocrx_word' id='word_1_240' title='bbox 903 3569 935 3610; x_wconf 91' lang='grc' dir='ltr'><strong><em>τι</em></strong></span> <span class='ocrx_word' id='word_1_241' title='bbox 958 3552 1046 3610; x_wconf 81' lang='grc' dir='ltr'><strong><em>είποα</em></strong></span> 
     </span>
     <span class='ocr_line' id='line_1_33' title="bbox 162 3657 901 3704; baseline -0.001 -1"><span class='ocrx_word' id='word_1_242' title='bbox 162 3663 262 3703; x_wconf 69' lang='lat' dir='ltr'><strong>noum</strong></span> <span class='ocrx_word' id='word_1_243' title='bbox 276 3662 393 3704; x_wconf 65' lang='lat' dir='ltr'><strong>omen.</strong></span> <span class='ocrx_word' id='word_1_244' title='bbox 421 3661 440 3702; x_wconf 91' lang='lat'><strong><em>1.</em></strong></span> <span class='ocrx_word' id='word_1_245' title='bbox 888 3657 901 3702; x_wconf 80' lang='grc' dir='ltr'><strong><em>τ</em></strong></span> 
     </span>
    </p>
   </div>
   <div class='ocr_carea' id='block_1_6' title="bbox 0 0 1326 3917">
    <p class='ocr_par' dir='ltr' id='par_1_11' title="bbox 0 0 1326 3917">
     <span class='ocr_line' id='line_1_34' title="bbox 0 0 1326 3917; baseline 0 0"><span class='ocrx_word' id='word_1_246' title='bbox 0 0 1326 3917; x_wconf 95' lang='lat' dir='ltr'><strong><em> </em></strong></span> 
     </span>
    </p>
   </div>
  </div>
 </body>
</html>
