2642 3917
171 165 234 229 150
550 165 758 217 omnm
776 166 809 217 K.

168 307 241 392 ἑξῆς
264 305 294 374 δ’
321 306 467 392 ἑζόμενοι
489 308 609 391 πολιὴν
631 309 695 372 άλα
716 308 840 373 τύπτον
862 307 1017 394 ἐρετμοῖς.

212 418 313 480 ἔνθεν
335 411 373 480 δὲ
394 411 544 499 προτέρω
568 412 711 498 πλέομεν
733 412 934 498 ἀκαχήμενοι
955 409 1053 500 ἦτορ,
1129 432 1194 496 555,

168 522 304 606 άσμενοι
327 519 363 586 έκ
384 520 562 606 θανάτοιο,
585 523 707 604 φίλους
729 518 902 598 ὀλέσαντες
925 518 1085 607 ἑταίρους.

469 940 807 1018 ΟΔΎΣΣΕΙΑΣ
832 943 883 1018 K

204 1205 260 1278 Τὰ
288 1208 388 1301 περὶ
413 1203 582 1280 Αἰόλου
608 1207 680 1277 καὶ
705 1203 1054 1300 Λαιστρυγόνων
1080 1211 1149 1279 καὶ

590 1329 767 1419 Κίρκης.

213 1477 357 1560 Αἰολίην
379 1473 410 1542 δ’
436 1474 470 1554 ές
491 1483 597 1558 νῆσον
619 1472 817 1560 ἀφικόμεθ’·
840 1477 925 1541 ἔνθα
948 1471 979 1542 δ’
1005 1479 1115 1543 ἔναιεν

168 1587 292 1659 Αἴολος
308 1579 518 1666 Ἱπποτάδης,
542 1581 862 1666 φίλοςάθανάτοισι
883 1588 1030 1667 θεοῖσιν,

168 1692 279 1772 πλωτῇ
303 1684 354 1752 ένὶ
375 1689 481 1774 νησςο·
503 1696 614 1752 πᾶσαν
637 1685 677 1752 δέ
697 1685 734 1752 τέ
755 1711 813 1772 μιν
834 1687 911 1774 πέρι
932 1700 1040 1774 τεῖχος

168 1794 308 1879 χάλκεον
331 1793 511 1878 ἄρρηκτον,
534 1792 631 1875 λισσὴ
656 1790 687 1856 δ’
714 1791 918 1880 ἀναδέδρομε
941 1794 1051 1881 πέτρη.

168 1908 229 1966 τοῦ
251 1895 306 1964 καὶ
330 1899 458 1964 δώδεκα
480 1898 596 1975 παῖδες
618 1895 670 1963 ένὶ
691 1899 847 1983 μεγάροις
869 1901 1042 1984 γεγάασιν,
1165 1920 1180 1969 5

169 2005 203 2085 ἓξ
225 2001 286 2089 μὲν
308 2003 505 2090 θυγατέρες,
528 2004 561 2084 ἓξ
585 2001 616 2070 δ’
641 2003 729 2081 υἱέες
750 2005 929 2088 ἡβώοντες·

169 2109 242 2176 ἔνθ’
269 2111 287 2177 ό
309 2134 347 2194 γε
369 2109 556 2196 θυγατέρας
578 2113 682 2195 πόρεν
703 2111 817 2176 υἱάσιν
839 2119 926 2177 είναι
949 2112 1080 2190 ἀκοίτις.

169 2217 205 2282 οἱ
225 2210 256 2282 δ’
282 2213 347 2282 αἱεδ
369 2217 458 2302 παρά
480 2213 580 2301 πατρὶ
602 2219 690 2303 φίλω
712 2214 768 2281 καὶ
791 2215 907 2302 μητέρι
928 2219 1029 2304 κεδνῇ
1107 2306 1109 2309 Ι

170 2325 358 2405 δαίνυνται,
381 2323 470 2407 παρὰ
492 2320 533 2386 δέ
553 2337 636 2406 σφιν
658 2321 791 2386 ὀνείατα
813 2325 915 2407 μυρία
938 2333 1056 2407 κεῖται,

169 2436 307 2511 κνισῆεν
331 2426 371 2492 δέ
390 2450 425 2492 τε
449 2428 542 2511 δῶμα
564 2430 861 2511 περιστεναχίζεται
883 2428 968 2514 αὐλῇ
1147 2449 1181 2498 10

168 2536 289 2619 ἤματα·
312 2533 433 2609 νύκτας
457 2526 487 2596 δ’
514 2526 592 2597 αὖτε
614 2529 691 2618 παρ’
718 2533 848 2618 αἰδοίης
872 2532 1041 2618 ἀλόχοισιν

168 2636 303 2706 εόδουσ’
330 2641 367 2703 έν
389 2660 424 2703 τε
446 2637 567 2722 τάπησι
588 2635 644 2703 καὶ
667 2637 704 2703 έν
726 2649 875 2723 τρητοῖσι
896 2638 1055 2725 λέχεσσιν.

168 2743 224 2811 καὶ
247 2741 307 2830 μὲν
329 2754 397 2809 τῶν
420 2744 581 2828 ἱκόμεσθα
603 2746 703 2809 πόλιν
724 2742 781 2809 καὶ
804 2745 938 2830 δώματα
959 2748 1051 2812 καλά.

169 2860 257 2936 μηνα
280 2847 317 2916 δὲ
339 2851 445 2915 πάντα
468 2853 559 2934 φίλει
581 2874 621 2935 με
643 2849 699 2916 καὶ
722 2849 900 2936 ἐξερέεινεν
922 2851 1056 2936 ἕκαστα,

164 2957 265 3023 Ἴλιον
286 2955 443 3043 Ἀργείων
466 2980 501 3022 τε
523 2955 600 3034 νέας
622 2954 677 3022 καὶ
700 2960 822 3023 νόστον
841 2955 994 3043 Ἀχαιῶν·
1148 2978 1180 3027 15

168 3061 225 3129 καὶ
246 3059 308 3148 μδν
331 3062 394 3145 ἐγὼ
417 3070 463 3152 τῷ
486 3062 593 3127 πάντα
615 3063 698 3127 κατδι
720 3073 841 3148 μοῖραν
863 3063 1024 3144 κατέλεξα.

169 3163 241 3234 ἀλλ’
268 3169 322 3234 ὅτε
346 3169 387 3251 δὴ
411 3165 466 3233 καὶ
490 3168 575 3251 ἐγὼν
598 3167 679 3234 ὁδὸν
702 3167 799 3254 ᾔτεον
821 3165 881 3253 ηδδ
903 3169 1039 3236 κέλευον

168 3273 351 3358 πεμπέμεν,
375 3272 456 3339 οὐδέ
475 3298 508 3338 τι
530 3284 639 3350 κεῖνος
662 3273 821 3359 άνηνατο,
843 3284 936 3360 τεῦχε
960 3272 997 3341 δδ
1020 3276 1162 3361 πομπήν.

170 3382 255 3444 δῶκε
281 3378 321 3445 δέ
341 3376 374 3463 μ’
400 3378 549 3465 ἐκδείρας
571 3378 675 3444 ἀσκὸν
697 3381 777 3464 βοὸς
799 3379 992 3467 ἐννεώροιο,

169 3485 254 3549 ἔνθα
278 3480 315 3549 δὲ
338 3485 491 3568 βυκτάων
514 3483 645 3569 ἀνέμων
668 3485 827 3570 κατέδησε
849 3485 1006 3554 κέλευθα·
1147 3507 1181 3556 20
