2642 3917
413 226 416 231 -
502 204 711 256 οΔυΣΣιιιιΣ
729 206 774 256 lx,
1081 197 1146 263 149

135 340 230 411 οἶκον
253 344 446 431 έτκιτίμενον
468 344 524 412 καλ
547 345 606 430 ἑήν
630 345 664 423 ἐς
685 347 828 432 πατρίδα
850 354 965 431 γαῖαν,

136 448 197 529 ὀψέ
218 463 326 529 κακῶς
348 455 460 537 ἐλθοι,
484 451 601 530 ὀλέσας
623 453 688 518 ἀπο
711 453 836 530 πάντας
859 449 1025 537 ἑταίρους,

134 559 215 642 νηὸς
238 553 289 624 ἐπ’
314 558 504 646 ἀλλοτρίης,
528 558 621 645 εύροι
644 556 676 623 δ’
702 558 739 625 ἐν
760 557 893 643 πήματα
914 556 1016 645 οίκφέ
1097 570 1149 620 σεο

180 659 225 742 ὧς
246 661 340 751 ἔφατ’
366 667 557 753 εὐχόμενος,
580 675 641 732 τοῦ
665 660 696 733 δ’
722 668 817 732 ἔκλυε
838 665 1065 748 κυανοχαίτης.

135 770 240 858 αύτάρ
263 772 282 838 δ
303 767 336 858 γ’
361 772 489 852 ἐξαῦτις
510 776 597 839 πολὺ
619 775 753 857 μείζονα
775 777 860 838 λᾶαν
882 769 995 855 ἀείρας

135 871 187 961 ήιί
212 877 419 964 ἐπιδινήσας,
442 877 589 965 ἐπέρεισε
612 875 650 945 δὲ
674 872 717 944 ἶν’
743 876 946 963 ἀπέλεθρον,

135 984 198 1050 κὰδ
222 979 253 1050 δ’
278 987 396 1070 έβαλεν
419 988 600 1072 μετόπισθε
622 986 698 1063 νεὸς
720 983 972 1069 κυανοπρώροιο

135 1093 276 1175 τυτθόν,
299 1090 458 1176 ἐδεύησεν
481 1086 512 1158 δ’
539 1089 649 1175 οἰήιον
672 1093 776 1178 ἀκρον
799 1089 940 1157 ίκέσθαι.
1097 1101 1149 1152 540

136 1194 283 1281 ἐκλύσθη
308 1192 345 1262 δέ
368 1197 524 1263 θάλασσα
546 1195 788 1283 κατερχομένης
809 1195 875 1261 ὑπὸ
898 1192 1031 1280 πέτρης·

135 1302 197 1385 τήν
220 1299 257 1368 δέ
279 1305 393 1389 πρόσω
416 1301 498 1388 φέρε
520 1311 627 1388 κῦμα,
650 1301 783 1388 θέμωσε
806 1299 843 1369 δέ
865 1300 986 1387 χέρσον
1009 1296 1148 1365 ἱκέσθαι.

180 1401 253 1473 ἀλλ’
279 1407 332 1473 ὅτε
355 1408 397 1492 δή
418 1408 482 1492 τήν
503 1416 610 1492 νήσου
634 1402 826 1494 ἀφικόμεθ’,
849 1410 934 1473 ἐνθα
955 1428 1017 1491 περ
1040 1406 1137 1470 άλλαι

135 1520 213 1596 νήες
235 1512 411 1597 ἐύσσελμοι
433 1512 537 1599 μένον
559 1514 699 1601 ἀθρόαι,
723 1512 808 1600 ἀμφὶ
831 1508 862 1579 δ’
888 1512 1013 1599 ἑταῖροι

136 1614 217 1685 εἵατ’
242 1618 457 1705 ὀδυρόμενοι,
479 1618 581 1705 ήμέας
603 1618 834 1705 ποτιδέγμενοι
857 1621 937 1702 αίεί,
1098 1633 1150 1683 σοι

135 1733 201 1809 νῆα
223 1722 284 1811 μὲν
306 1719 380 1791 ἐνθ’
406 1726 562 1804 ἐλθόντες
585 1724 763 1812 ἐκέλσαμεν
785 1725 823 1793 ἐν
844 1726 1068 1810 ψαμάθοισιν,

137 1831 172 1897 ἐκ
195 1828 232 1898 δέ
253 1828 310 1898 καὶ
332 1829 429 1897 αὐτοὶ
450 1834 556 1918 βήμεν
579 1831 632 1898 ἐπὶ
656 1832 792 1918 ῥηγμῖνι
813 1832 994 1916 θαλάσσης.

136 1941 222 2021 μήλα
246 1933 282 2004 δέ
305 1938 488 2016 Κύκλωπος
509 1942 685 2025 γλαφυρής
708 1938 744 2004 ἐκ
766 1939 847 2022 νηὸς
870 1936 1000 2016 ἑλόντες

3 2029 6 2044 ι
137 2038 335 2128 δασσάμεθ’,
358 2045 402 2122 ὡς
425 2042 470 2129 μή
492 2046 543 2121 τίς
565 2068 622 2129 μοι
645 2044 866 2129 ἀτεμβόμενος
888 2046 955 2110 κίοι
978 2049 1060 2129 ίσης.

137 2149 270 2235 ἀρνειὸν
294 2143 324 2215 δ’
350 2148 423 2234 ἐμοὶ
446 2155 506 2240 οίφ
530 2149 726 2236 ἐυκνήμιδες
749 2148 873 2236 ἑταῖροι
1097 2166 1150 2216 όσο

137 2255 250 2340 μήλων
273 2254 459 2340 δαιομένων
483 2257 588 2322 δόσαν
611 2257 720 2341 ἔξοχα·
742 2258 802 2323 τὸν
824 2250 856 2321 δ’
881 2254 935 2322 ἐπὶ
956 2254 1031 2321 θινὶ

138 2360 223 2446 Ζηνὶ
244 2360 431 2446 κελαινεφέι
454 2364 620 2448 Κρονίδη,
644 2361 681 2440 ὃς
702 2371 805 2428 πᾶσιν
828 2360 979 2446 ἀνάσσει,

137 2467 231 2553 ῥέξας
253 2460 345 2553 μηρί’
370 2469 496 2533 ἔκαιον·
520 2466 538 2533 δ
562 2461 594 2534 δ’
620 2467 683 2532 οὐκ
705 2467 860 2552 ἐμπάζετο
884 2467 980 2553 ἐρῶν,

137 2568 209 2639 ἀλλ’
235 2573 253 2639 ό
276 2595 314 2657 γε
336 2565 549 2659 μερμήριξεν,
572 2573 660 2650 ὅπως
684 2571 861 2638 ἀπολοίατο
884 2582 987 2639 πᾶσαι

136 2687 212 2762 νήες
235 2677 410 2763 ἐύσσελμοι
432 2677 488 2745 καὶ
511 2677 585 2764 ἐμοὶ
608 2678 736 2765 ἐρίηρες
759 2677 892 2764 έταίροι.
1097 2697 1149 2747 5⁶5

180 2779 225 2862 ὧς
246 2785 320 2850 τότε
343 2781 404 2870 μὲν
426 2787 558 2871 πρόπαν
579 2779 667 2871 ήμαρ
691 2784 725 2861 ἐς
746 2784 860 2868 ήέλιον
882 2786 1070 2852 καταδύοντα

6 2933 7 2936 ,
136 2891 245 2975 ἥμεθα
268 2891 462 2975 δαινύμενοι
483 2891 564 2977 κρέα
585 2885 615 2955 τ’
641 2892 766 2956 ἀσπετα
787 2889 843 2956 καὶ
865 2889 954 2975 μέθυ
975 2891 1055 2974 ἤδη.

135 2990 218 3080 ήμος
241 2993 272 3062 δ’
298 2995 407 3079 ήέλιος
428 2996 550 3062 κατέδυ
572 2993 627 3061 καὶ
650 2993 705 3062 ἐπὶ
726 2993 851 3081 κνέφας
867 2991 994 3083 ήλθεν,

137 3102 178 3185 δή
201 3104 274 3168 τότε
296 3105 504 3186 κοιμήθημεν
527 3099 581 3168 ἐπὶ
605 3102 742 3188 ῥηγμῖνι
763 3102 944 3186 θαλάσσης.

7 3215 13 3225 '
134 3202 218 3292 ήμος
241 3205 272 3272 δ’
297 3205 465 3292 ήριγένεια
487 3209 577 3293 φάνη
601 3208 847 3294 ῥοδοδάκτυλος
866 3206 966 3292 Ἠώς,
1097 3225 1148 3277 σου

136 3314 177 3397 δή
200 3311 267 3380 τότ’
294 3312 380 3398 ἐγὼν
403 3311 570 3399 ἑτάροισιν
594 3312 777 3398 ἐποτρύνας
800 3312 955 3379 ἐκέλευσα

135 3419 256 3499 αύτούς
278 3416 308 3484 τ’
333 3419 509 3504 ἀμβαίνειν
532 3418 596 3485 ἀνά
617 3443 652 3485 τε
675 3422 866 3505 πρυμνήσια
888 3424 1001 3485 λῦσαι·

134 3523 171 3591 οί
190 3522 222 3591 δ’
249 3520 320 3604 αἶψ’
346 3529 518 3610 εἴσβαινον
538 3522 594 3592 καὶ
618 3523 671 3591 ἐπὶ
693 3530 805 3609 κληῖσι
827 3528 981 3606 καθίζου,
