2642 3917
177 225 241 290 136
556 227 765 279 omnm
782 229 804 282 Ι.

175 368 211 434 ἐν
234 364 295 453 μέν
316 369 381 454 γάρ
404 373 560 453 λειμῶνες
582 368 660 446 ἁλὸς
682 373 813 435 πολιοῖο
835 364 913 455 παρ’
939 371 1043 454 ὀχθας

174 471 315 560 ὑδρηλοὶ
337 476 491 559 μαλακοί·
514 476 602 559 μάλα
623 469 654 539 κ’
680 475 820 559 ἄφθιτοι
842 476 981 559 ἄμπελοι
1003 469 1080 540 εἰεν.

175 579 211 645 ἐν
235 574 266 643 δ’
292 581 407 666 άροσις
428 583 513 664 λείη·
536 581 624 665 μάλα
645 603 704 646 κεν
726 582 817 663 βαθύ
839 583 936 664 λήιον
958 578 1024 646 αἰεὶ

175 687 222 762 εἰς
245 685 333 771 δόρας
355 685 481 774 ἀμῷεν,
504 684 574 752 ἐπεί
596 687 684 771 μάλα
705 696 785 772 πῖαρ
808 681 865 751 ὑπ’
891 681 1001 763 οὖδας.
1133 702 1183 750 εει

176 791 212 856 έν
236 788 273 857 δέ
296 792 397 876 λιμήν
420 791 576 877 ἐύορμος,
599 789 644 857 ἵν’
671 791 712 858 ού
734 793 819 876 χρεὼ
842 793 1019 875 πείσματός
1041 790 1147 874 ἐστιν,

175 891 246 962 οὔτ’
271 896 370 974 εὐνάς
392 896 524 981 βαλέειν
546 899 622 964 οὔτε
644 892 824 984 πρυμνήσι’
849 896 988 981 ἀνάψαι,

176 997 247 1068 ἀλλ’
273 1002 505 1081 ἐπικέλσαντας
527 1014 636 1089 μεῖναι
659 1006 797 1090 χρόνον,
820 1005 868 1081 εἰς
890 1004 909 1069 ὅ
931 1026 968 1069 κε
990 1001 1139 1070 ναυτέων

175 1111 284 1194 θυμὸς
305 1108 471 1196 ἐποτρύνη
493 1107 548 1175 καί
571 1109 814 1176 ἐπιπνεύσωσιν
836 1108 941 1193 ἀῆται.

176 1215 279 1302 αὐτὰρ
302 1213 356 1281 ἐπὶ
377 1217 497 1301 κρατὸς
519 1213 651 1300 λιμένος
674 1214 741 1302 ῥέει
764 1214 889 1298 ἀγλαὸν
911 1215 1018 1302 ὕδωρ,
1133 1233 1184 1282 ιιο

175 1323 280 1407 κρήνη
302 1321 368 1387 ὑπὸ
392 1325 539 1399 σπείους·
562 1318 638 1407 περὶ
662 1318 693 1386 δ’
719 1327 860 1407 αἴγειροι
882 1321 1058 1406 πεφύασιν.

176 1429 260 1492 ἔνθα
281 1426 515 1512 κατεπλέομεν,
537 1430 596 1493 καί
613 1451 665 1504 τις
686 1427 767 1503 θεὸς
787 1425 989 1512 ἡγεμόνευεν

175 1533 278 1598 νύκτα
301 1528 346 1599 δι’
371 1533 552 1619 ὀρφναίην,
576 1530 655 1599 οὐδὲ
676 1527 894 1619 προυφαίνετ’
920 1532 1065 1600 ἰδέσθαι·

176 1638 239 1725 άήρ
262 1640 325 1725 γάρ
348 1637 423 1725 περὶ
445 1637 544 1723 νηυσὶ
567 1633 678 1723 βαθεῖ’
703 1633 761 1722 ἦν,
784 1635 864 1705 ούδέ
888 1642 1009 1724 σελήνη

175 1744 365 1830 οὐρανόθεν
386 1745 589 1830 προύφαινε,
611 1746 778 1829 κατείχετο
801 1740 839 1810 δέ
861 1744 1044 1830 νεφέεσσιν.
1134 1764 1184 1812 ιεε
1313 1744 1314 1751 ¹

176 1845 248 1915 ἐνθ’
274 1850 315 1916 οὔ
337 1874 387 1928 τις
408 1851 469 1934 τήν
492 1859 597 1934 νῆσον
619 1849 796 1937 ἐσέδρακεν
818 1849 1058 1935 ὀφθαλμοῖσιν,

176 1951 246 2022 οὔτ’
272 1951 335 2022 οὖν
356 1957 485 2042 κύματα
508 1958 616 2043 μακρά
638 1958 860 2041 κυλινδόμενα
882 1955 980 2041 προτὶ
1000 1956 1121 2044 χέρσον

98 2089 100 2094 ·
176 2065 357 2149 εἰσίδομεν,
379 2061 459 2149 πρίυ
480 2072 563 2148 υήας
585 2061 786 2147 ἐυσσέλμους
808 2060 983 2127 ἐπικέλσαι.

175 2170 353 2255 κελσάσῃσι
376 2165 412 2235 δὲ
434 2167 535 2254 νηυσὶ
555 2172 756 2254 καθείλομεν
780 2169 866 2233 ίστία
887 2168 1010 2252 πάντα,
1058 2175 1061 2179 ’

176 2276 212 2342 ἐκ
235 2272 271 2341 δέ
292 2274 348 2341 καί
371 2273 466 2340 αὐτοὶ
488 2278 593 2360 βῆμεν
616 2273 670 2341 ἐπὶ
692 2275 827 2361 ῥηγμῖνι
848 2275 1034 2359 θαλάσσης·
1133 2293 1184 2342 150

175 2384 260 2447 ἔνθα
283 2374 315 2446 δ’
340 2380 575 2466 ἀποβρίξαντες
597 2380 771 2467 ἐμείναμεν
791 2374 857 2444 Ἠῶ
880 2380 965 2445 δίαν.

219 2483 303 2572 ήμος
324 2481 365 2552 δ”
381 2486 547 2573 ήριγένεια
570 2487 660 2571 φάνη
685 2486 929 2573 ῥοδοδάκτυλος
949 2481 1048 2570 Ἠώς,

175 2601 281 2676 νῆσον
302 2593 528 2678 θαυμάζοντες
550 2593 768 2678 ἐδινεόμεσθα
790 2586 862 2657 κατ’
887 2591 1000 2677 αἰπήν.

177 2696 289 2785 ὦρσαν
312 2695 348 2765 δὲ
371 2701 515 2784 νύμφαι,
536 2708 657 2785 κοῦραι
679 2701 763 2776 Διὸς
784 2699 961 2783 αἰγιόχοιο,

177 2801 271 2890 αἰγας
293 2803 493 2894 ὀρεσκῴους,
517 2807 572 2871 ἵνα
595 2807 808 2889 δειπνήσειαν
829 2803 961 2891 ἑταῖροι.
1133 2823 1183 2872 ιιι
1311 2888 1315 2898 f

177 2911 294 2977 αὐτίκα
316 2912 469 2996 καμπύλα
491 2911 569 2990 τόξα
591 2909 646 2977 καί
668 2909 823 2993 αἰγανέας
845 2910 1063 2994 δολιχαύλους

176 3011 320 3101 εἱλόμεθ’
346 3017 382 3083 ἐκ
403 3029 509 3102 νηῶν,
534 3018 589 3083 διὰ
612 3013 649 3082 δέ
671 3019 766 3103 τρίχα
787 3015 1010 3102 κοσμηθέντες

176 3123 353 3207 βάλλομεν·
376 3118 458 3201 αἰήα
481 3117 512 3188 δ’
538 3125 639 3189 ἔδωκε
660 3125 741 3200 θεὸς
763 3121 934 3208 μενοεικέα
954 3124 1074 3208 θήρην.

176 3237 252 3313 νῆες
274 3227 335 3314 μέν
357 3252 414 3313 μοι
437 3227 556 3296 ἕποντο
579 3230 744 3312 δυώδεκα,
767 3227 801 3306 ἐς
823 3226 860 3295 δέ
883 3227 1023 3313 ἑκάστην

177 3333 272 3400 ἐννέα
295 3336 460 3419 λάγχανον
483 3330 586 3418 αἰγες·
609 3333 682 3419 ἐμοὶ
705 3331 742 3401 δέ
766 3329 833 3400 δέκ’
859 3335 971 3414 ἐξελον
992 3340 1061 3423 οἰφ.
1132 3352 1182 3402 160

177 3436 222 3517 ὥς
243 3443 316 3507 τότε
339 3436 400 3524 μέν
422 3443 553 3526 πρόπαν
575 3435 664 3527 ήμαρ
692 3441 725 3519 ἐς
746 3440 859 3524 ήέλιον
880 3441 1067 3507 καταδύντα

179 3547 285 3628 ήμεθα
309 3547 504 3631 δαινύμενοι
526 3544 605 3633 κρέα
627 3542 657 3612 τ’
683 3549 806 3614 ἄσπετα
827 3546 883 3613 καὶ
905 3547 993 3632 μέθυ
1013 3546 1093 3631 ήδύ·
