2642 3917
478 162 686 214 οΔεΣΣΕιΑΣ
704 164 763 213 vn.
1064 159 1128 224 103

118 307 250 388 γείνατο
272 303 328 370 καὶ
350 307 528 390 Περίβοια,
551 316 720 388 γυναικῶν
743 300 831 381 εἶδος
854 305 986 389 ἀρίστη,

119 411 281 496 ὁπλοτάτη
303 411 455 495 θυγάτηρ
477 411 699 494 μεγαλήτορος
720 408 987 494 Εὐρυμέδοντος,

119 516 156 594 ὃς
177 515 258 583 ποθ’
284 517 509 602 ὑπερθύμοισι
534 516 751 599 Γιγάντεσσιν
773 517 956 599 βασίλευεν.

119 621 191 688 ἀλλ’
218 623 236 689 ό
259 619 320 708 μὲν
343 623 443 686 ὤλεσε
467 621 548 685 λαὸν
572 620 778 703 ἀτάσθαλον,
803 621 905 685 ὤλετο
929 616 959 684 δ’
987 619 1100 696 αὐτός·

120 737 158 813 τῇ
182 723 218 793 δέ
242 726 438 792 Ποσειδάων
461 724 555 809 ἐμίγη
578 722 634 790 καὶ
657 724 804 807 ἐγείνατο
826 725 929 790 παῖδα
1094 741 1126 790 τι

13 839 16 856 ”
119 837 318 899 Ναυσίθοον
341 831 552 916 μεγάθυμον,
575 829 612 908 δς
634 831 672 896 ἐν
697 831 837 914 Φαίηξιν
860 833 1012 898 ἄνασσεν.

119 942 315 1016 Ναυσίθοος
338 935 368 1003 δ’
395 939 503 1002 ἔτεκεν
520 934 699 1022 Ῥηξήνορά
721 935 750 1001 τ’
773 935 943 1002 Ἀλκίνοόν
964 957 1013 1002 τε·

118 1047 177 1111 τὸν
200 1043 261 1130 μὲν
284 1045 429 1130 ἄκουρον
452 1043 547 1108 ἐόντα
569 1040 643 1125 βάλ’
671 1041 891 1127 ἀργυρότοξος
908 1040 1076 1108 Ἀπόλλων

118 1153 281 1236 νυμφίον,
305 1149 341 1215 έν
364 1149 496 1238 μεγάρφ
518 1150 598 1232 μίαν
620 1153 697 1232 οίην
718 1148 821 1213 παῖδα
843 1150 981 1213 λιπόντα
1094 1164 1128 1214 σο

115 1254 267 1341 Ἀρήτην·
289 1256 351 1339 τήν
374 1252 405 1320 δ’
428 1252 595 1330 Ἀλκίνοος
617 1251 768 1336 ποιήσατ’
795 1254 923 1318 ἄκοιτιν

119 1364 177 1427 καί
196 1385 253 1445 μιν
276 1357 370 1442 md,
392 1360 437 1436 ὡς
460 1360 572 1436 οὔτις
595 1356 647 1424 ἐπὶ
671 1356 771 1442 χθονὶ
792 1361 895 1425 τίεται
918 1361 1015 1443 άλλη,

120 1469 216 1533 ὅσσαι
237 1475 301 1532 νῦν
324 1488 360 1550 γε
383 1475 538 1549 γυναῖκες
560 1463 615 1530 ὑπ’
642 1464 806 1550 ἀνδράσιν
828 1460 922 1531 οἷκον
944 1468 1085 1549 ἔχουσιν.

120 1569 164 1650 ὧς
186 1575 278 1656 κείνη
301 1569 377 1657 περὶ
399 1580 477 1656 κῆρι
498 1573 669 1655 τετίμηταί
687 1594 722 1635 τε
744 1568 800 1636 καὶ
823 1573 912 1637 ἐστιν

12 1739 13 1742 ,
119 1682 156 1744 ἐκ
177 1702 211 1744 τε
235 1681 344 1763 φίλων
366 1679 495 1742 παίδων
518 1675 605 1742 ἕατ’
632 1676 736 1742 αὐτοῦ
756 1674 938 1742 Ἀλκινόοιο
1095 1694 1129 1743 το

118 1781 174 1849 καὶ
197 1789 302 1867 λαῶν,
326 1784 361 1848 οἵ
382 1785 439 1866 μίν
462 1783 503 1868 ῥα
525 1784 609 1847 θεὸν
632 1782 676 1859 ὣς
699 1784 913 1868 είσορόωντες

120 1886 302 1974 δειδέχαται
325 1888 500 1973 μύθοισιν,
524 1889 577 1954 ὅτε
601 1886 743 1973 στείχησ’
770 1887 833 1953 άνύ
855 1890 946 1954 άστυ.

119 1995 160 2061 οὐ
182 1992 244 2080 μὲν
265 1995 329 2079 γάρ
351 2018 384 2059 τι
405 1996 488 2060 νόου
510 2018 547 2077 γε
569 1991 625 2059 καὶ
647 1994 729 2077 αὐτή
754 1995 884 2059 δεύεται
906 1994 1044 2060 ἐσθλοῦ·

121 2094 179 2187 ήσί
197 2099 226 2166 τ’
253 2100 290 2167 ἐύ
313 2098 490 2187 φρονέῃσι,
513 2099 568 2165 καὶ
591 2100 732 2184 ἀνδράσι
754 2103 864 2165 νείκεα
886 2101 966 2165 λύει.

120 2211 153 2271 εί
171 2203 229 2271 κέν
250 2228 303 2270 τοι
324 2208 417 2288 κείνη
440 2228 477 2288 γε
500 2207 582 2289 φίλα
605 2202 764 2290 φρονέησ’
791 2204 840 2270 ἐνὶ
862 2212 977 2294 θυμῷ,
1095 2223 1128 2272 τι

120 2311 249 2396 ἐλπωρή
273 2334 326 2376 τοι
349 2313 459 2375 ἔπειτα
482 2312 602 2394 φίλους
624 2308 653 2374 τ’
681 2308 783 2375 ἰδέειν
805 2308 861 2376 καὶ
883 2309 1014 2378 ίκέσθαι

120 2412 214 2483 οἶκον
237 2416 270 2493 ἐς
292 2416 469 2502 ὑψόροφον
491 2415 547 2482 καὶ
569 2417 632 2500 σήν
655 2415 689 2493 ἐς
710 2417 852 2501 πατρίδα
874 2420 1004 2498 γαλαν.“

164 2517 209 2600 ὧς
231 2524 294 2606 άρα
317 2520 489 2607 φωνήσασ’
516 2521 620 2604 ἀπέβη
643 2527 833 2604 γλαυκῶπις
852 2521 975 2607 Ἀθήνη

119 2631 243 2694 πόντον
265 2626 315 2694 ἐπ’
342 2628 537 2711 ἀτρύγετον,
560 2632 633 2693 λίπε
656 2625 694 2693 δέ
716 2631 862 2713 Σχερίην
885 2628 1070 2714 ἐρατεινήν,

119 2735 207 2800 ἵκετο
230 2730 261 2798 δ’
288 2733 321 2811 ές
343 2739 541 2818 Μαραθῶνα
565 2732 620 2800 καὶ
642 2733 846 2820 εὐρυάγυιαν
866 2729 1026 2819 Ἀθήνην,
1094 2754 1128 2802 80

121 2842 200 2905 δῦνε
223 2838 253 2905 δ’
278 2837 454 2925 Ἐρεχθῆος
476 2843 616 2906 πυκινὸν
640 2841 753 2924 δόμον.
800 2842 903 2925 αὐτὰρ
924 2839 1101 2918 Ὀδυσσεὺς

116 2944 288 3012 Ἀλκινόου
309 2948 392 3031 πρὸς
415 2943 536 3029 δώματ’
564 2952 592 3011 λε
615 2947 732 3011 κλυτά·
755 2947 861 3011 πολλὰ
883 2944 923 3012 δέ
944 2947 979 3011 οί
998 2955 1060 3033 κῆρ

121 3049 257 3136 ὥρμαιν’
284 3049 461 3140 ίσταμένφ,
484 3048 564 3136 πρὶν
585 3053 726 3135 χάλκεον
748 3052 852 3118 οὐδὸν
875 3049 1015 3117 λιτέσθαι.

120 3157 165 3234 ὥς
186 3179 221 3222 τε
243 3158 307 3243 γάρ
330 3157 444 3241 ήελίου
467 3161 563 3240 οιίγλη
587 3156 686 3223 πέλεν
708 3154 745 3241 ήέ
769 3160 908 3242 σελήνης

121 3263 214 3346 δῶμα
236 3261 315 3328 καθ’
341 3259 505 3348 ὑψερεφὲς
527 3265 750 3349 μεγαλήτορος
768 3260 958 3328 Ἀλκινόοιο.
1094 3280 1128 3330 85

120 3368 252 3452 χάλκεοι
273 3365 334 3453 μὲν
356 3370 420 3455 γάρ
442 3379 548 3453 τοῖχοι
571 3366 737 3453 ἐληλέδατ’
764 3371 848 3434 ἐνθα
870 3366 926 3433 καὶ
949 3372 1048 3451 ἔνθα,

121 3474 154 3552 ἐς
176 3477 282 3559 μυχὸν
304 3474 337 3554 ἐξ
360 3474 480 3556 οὐδοῦ,
503 3471 578 3560 περὶ
602 3471 639 3539 δέ
660 3474 800 3559 θριγκός
821 3475 973 3540 κυάνοιο·
