2642 3917
180 225 257 279 xxu
585 220 782 278 SUMMARIA.

179 392 288 451 amoris
302 391 389 469 signa
401 391 454 449 dat
468 391 613 467 Penelope
632 390 807 465 orditurque
826 408 998 465 sermonem,
1017 388 1069 463 qui
1087 406 1183 463 usque

178 478 209 537 in
237 482 366 558 noctem,
390 498 481 555 qnam
511 478 681 537 amantibus
711 478 799 537 solito
828 476 992 555 longiorem
1018 476 1093 535 facit
1119 476 1182 553 dea,

178 568 283 627 multis
306 567 447 627 derebus
469 567 608 643 habetur3
632 567 724 625 etiam
746 566 778 625 in
800 567 886 643 lecto,
908 564 961 623 ubi
979 565 1081 623 Ulixes
1101 564 1182 624 labo-

177 675 246 715 rum
264 674 387 716 suorum
404 674 552 714 summam
574 656 684 731 repetit
707 648 920 738 (nos-343).
965 654 1052 713 Mane
1075 653 1182 729 postri-

178 744 225 804 die
248 744 369 804 domum
392 744 516 802 mandat
532 743 699 819 Penelopae
722 747 813 820 atque
836 743 926 802 utin
949 762 1014 801 eam
1037 760 1068 801 se
1092 741 1183 800 abdat

177 835 290 909 monet3
321 833 384 909 ipse
413 834 514 891 autem
541 834 675 890 armatus
702 851 770 891 cum
796 831 858 891 filio
886 834 917 890 et
938 830 1109 908 pastoribus
1131 848 1183 888 rus

177 921 239 980 exit
261 921 300 980 ad
322 921 449 980 Laerten
473 911 688 1002 (344—372).

621 1087 738 1209 nim.

244 1271 405 1332 Procerum
428 1271 584 1330 animabus
607 1291 626 1332 a
647 1271 795 1332 Mercurio
823 1272 861 1331 ad
887 1270 998 1332 inferos
1020 1274 1182 1351 compulsis

178 1361 281 1420 heroes
308 1364 478 1437 occurrunt,
511 1379 580 1419 cum
601 1360 660 1439 alii
687 1364 754 1419 tum
780 1360 911 1420 Achilles
940 1363 971 1420 et
997 1362 1182 1441 Agamemno

179 1440 326 1529 (1—22).
358 1448 405 1507 Ibi
418 1449 602 1527 Agamemno
621 1448 733 1508 Achilli
751 1449 833 1508 iusta
850 1449 988 1509 funebria
1005 1452 1127 1527 exponit
1145 1453 1183 1511 ad

178 1536 299 1597 Troiam
321 1536 379 1616 ipsi
396 1538 518 1613 peracta
540 1538 571 1595 et
592 1537 744 1613 propriam
770 1556 871 1596 necem
899 1538 981 1597 dolet
1007 1529 1182 1622 (23—97);

179 1626 365 1702 miratusque
383 1625 503 1684 turbam
521 1624 664 1684 iuvenum
686 1625 862 1684 catervatim
884 1626 1125 1687 descendentium
1147 1648 1182 1687 ex

179 1733 239 1773 nno
258 1732 362 1773 eorum
381 1713 528 1791 insignem
546 1712 708 1789 Penelopes
726 1713 911 1791 pudicitiam,
929 1734 1086 1790 procorum
1110 1717 1182 1775 assi·

180 1801 327 1861 duitatem
350 1803 381 1861 et
402 1820 540 1861 occasum
562 1801 715 1879 cognoscit
741 1805 832 1878 atque
855 1802 951 1862 Ulixis
976 1803 1130 1863 fortunam
1152 1808 1183 1864 et

179 1890 300 1969 reginae
313 1888 401 1949 fidem
414 1889 567 1966 praedicat
582 1881 773 1971 (aa-204).
806 1890 924 1949 Interea
937 1891 1024 1952 heros
1038 1910 1106 1951 cum
1120 1893 1182 1951 suis

180 1979 219 2038 ad
236 1978 363 2037 Laerten
386 1979 537 2053 profectus
560 1976 692 2053 primum
708 1978 794 2037 velut
811 1978 933 2056 ignotus
951 1979 982 2037 in
1000 1981 1095 2039 hortis
1114 2000 1182 2041 cum

179 2068 233 2127 illo
255 2085 419 2126 sermonem
442 2066 560 2142 quaerit
582 2066 617 2125 de
639 2065 702 2125 filio
727 2066 909 2143 affectusque
937 2068 1077 2146 cognitis,
1107 2089 1182 2145 quas

180 2174 268 2215 senex
289 2154 417 2233 tulisset,
440 2153 598 2232 aerumnis,
621 2154 693 2212 dum
711 2173 780 2213 eum
798 2155 984 2232 aegritudine
1009 2176 1183 2233 oppressum

180 2244 269 2321 videt,
287 2244 407 2318 repente
427 2260 489 2301 sese
507 2242 603 2300 filium
622 2242 719 2318 aperit
733 2246 763 2301 ct
776 2243 896 2302 caedem
909 2264 1067 2320 procorum
1079 2266 1182 2322 perpe-

180 2334 292 2391 tratam
314 2333 417 2389 narrat
435 2323 648 2412 (aot—344).
689 2331 801 2390 Laetus
819 2350 906 2391 senex
924 2333 1046 2392 lavatur
1067 2336 1098 2392 et
1119 2334 1183 2410 ipse

181 2439 300 2497 quoque
323 2438 342 2479 a
363 2418 497 2481 Minerva
519 2418 677 2478 decoratus
699 2438 768 2479 cum
789 2419 878 2479 Dolio
906 2439 990 2480 servo
1014 2424 1044 2479 et
1066 2422 1184 2498 reliqua

180 2508 297 2568 familia
318 2509 410 2583 atque
432 2507 519 2566 Ulixe
541 2507 759 2583 comitibusque
787 2508 851 2566 eius
874 2509 912 2567 ad
934 2509 1093 2585 prandium
1115 2531 1183 2570 con-

180 2597 317 2674 veniunt,
343 2596 396 2654 ubi
424 2595 517 2654 redux
546 2596 719 2673 agnoscitur
745 2598 775 2655 et
802 2597 954 2655 salutatur
982 2597 1018 2656 ab
1047 2599 1183 2657 omnibus

182 2675 394 2767 (345—412).
448 2684 513 2742 Iam
545 2703 664 2744 rumore
695 2684 793 2744 caedis
825 2703 878 2760 per
913 2686 1017 2745 urbem
1052 2686 1183 2764 disperso

180 2774 309 2833 habetur
334 2770 433 2832 contio
460 2772 676 2850 Ithacensium,
703 2772 734 2830 in
762 2791 823 2847 qua
844 2773 992 2849 Uupithes
1018 2777 1184 2835 tumultum

181 2865 292 2922 movet:
322 2860 463 2921 continuo
491 2878 561 2936 pars
587 2860 710 2938 civium,
737 2879 921 2937 quamquam
952 2864 1184 2923 reclamantibus
1300 2913 1312 2941 ,

181 2949 319 3010 Medonte
346 2951 376 3009 et
402 2948 584 3026 Halitherse,
613 2949 720 3007 armati
747 2949 865 3008 Ulixem
896 2950 934 3008 ad
956 2951 1073 3010 Laertia
1100 2972 1184 3029 prae-

181 3038 264 3097 dium
286 3039 507 3114 persequuntur
530 3029 742 3118 (413-471).
786 3037 843 3096 Sed
866 3057 915 3098 eos
933 3039 1105 3099 comitatior
1121 3041 1185 3100 Uli-

181 3144 232 3185 xes
254 3125 386 3203 graviter
407 3125 528 3202 premit3
550 3125 703 3202 Eupithen
725 3125 833 3185 occidit
850 3125 984 3204 Laertem
1007 3128 1080 3204 ipsis
1100 3149 1185 3205 prae·

182 3232 248 3273 sens
268 3214 402 3274 Minerva
425 3213 606 3292 opitulatur,
630 3213 786 3273 seditiosos
809 3216 948 3291 exterret3
971 3216 1093 3275 tandem
1116 3218 1185 3294 Iup-

182 3302 263 3379 piter
284 3301 397 3361 deiecto
424 3302 549 3361 fulmine
575 3302 725 3379 proelium
747 3301 873 3361 dirimit:
901 3303 942 3362 sic
965 3305 1045 3364 facto
1069 3306 1186 3366 foedere

183 3390 328 3450 amnestia
350 3389 491 3466 utrinque
514 3393 545 3449 et
567 3411 626 3467 pax
648 3389 838 3477 componitur
860 3382 1074 3474 (naa-548).

582 3580 793 3593 —u—-u-
