2642 3917
183 227 246 292 164
562 228 771 280 οΔνΣΣΕΙΑΣ
788 231 821 281 K

178 373 324 456 κτήματα
347 365 378 438 δ’
404 370 441 437 ἐν
463 372 603 455 σπήεσσι
624 371 833 455 πελάσσομεν
855 371 941 436 ὅπλα
961 395 997 437 τε
1019 373 1143 439 πάντα·

179 467 279 543 αὐτοί
298 471 329 543 δ’
354 477 537 564 ὀτρύνεσθε
561 474 634 562 ἐμοὶ
657 477 724 561 ἅμα
745 479 866 555 πάντες
888 477 1044 563 ἕπεσθαι,
1139 496 1193 546 42⁶

179 583 269 671 ὄφρα
291 579 383 668 ἴδηθ’
410 583 548 670 ἑτάρους
571 584 673 670 ἱεροῖς
695 582 733 649 ἐν
757 584 886 669 δώμασι
909 587 1036 671 Κίρκης

178 691 337 766 πίνοντας
358 687 414 756 καὶ
436 692 586 768 ἔδοντας·
609 689 790 774 ἐπηετανὸν
811 690 876 776 γάρ
899 693 1041 775 ἔχουσιν.

223 790 268 874 ὧς
289 795 436 881 ἐφάμην,
460 797 496 861 oc
516 791 547 862 δ’
573 791 641 861 ὦκα
664 795 756 880 ἐμοῖς
778 794 910 862 ἐπέεσσι
931 799 1085 865 πίθοντο.

180 903 374 988 Εὐρύλοχος
397 901 436 968 δέ
456 926 513 988 μοι
537 897 607 980 οἶος
630 900 770 988 ἐρύκανε
791 903 917 980 πάντας
939 902 1090 990 ἑταίρους

126 1008 129 1014 ’
179 1011 251 1089 [καί
271 1025 375 1092 σφεας
398 1009 556 1093 φωνήσας
579 1010 657 1073 ἔπεα
680 1010 859 1094 πτερόεντα
881 1010 1085 1095 προσηύδα]·
1140 1028 1193 1077 430

178 1109 212 1199 ,ά
233 1116 353 1197 δειλοί,
375 1107 452 1180 πόσ’
478 1121 565 1199 ῖμεν;
588 1116 625 1179 τί
642 1125 753 1180 κακῶν
777 1115 916 1200 ἱμείρετε
937 1115 1083 1201 τούτων,

178 1224 302 1306 Κίρκης
325 1219 358 1298 ἐς
379 1219 526 1306 μέγαρον
548 1221 786 1304 καταβήμεναι,
809 1222 831 1304 ή
853 1245 911 1287 κεν
934 1221 1081 1300 ἅπαντας

177 1327 198 1411 ἢ
221 1337 282 1404 σῦς
304 1323 341 1410 ήέ
365 1327 487 1403 λύκους
509 1328 681 1410 ποιήσεται
704 1324 742 1411 ήέ
765 1326 916 1413 λέοντας,

178 1435 214 1499 οἵ
232 1432 290 1500 κέν
313 1434 348 1499 οῖ
367 1432 450 1517 μέγα
474 1427 821 1519 δῶμαφυλάσσοιμεν
843 1432 899 1500 καὶ
922 1434 1066 1520 ἀνάγκη,
1184 1457 1190 1468 ·

178 1541 305 1623 ὥςπερ
328 1539 475 1617 Κύκλωψ
498 1534 577 1624 ἔρξ’,
601 1539 655 1605 ὅτε
678 1541 714 1605 οί
733 1539 923 1625 μέσσαυλον
946 1542 1058 1606 ἵκοντο
1137 1558 1192 1608 435

177 1644 328 1732 ήμέτεροι
352 1645 478 1732 ἕταροι,
502 1648 567 1711 σὺν
590 1640 621 1711 δ’
648 1645 820 1732 δθρασύς
843 1641 942 1712 εἵπετ’
965 1641 1156 1724 Ὀδυσσεύς·

176 1753 298 1818 τούτου
321 1752 384 1836 γὰρ
406 1750 462 1816 καὶ
484 1763 589 1816 κεῖνοι
612 1750 856 1836 ἀτασθαλίῃσιν
878 1752 1018 1819 δλοντο.6

222 1853 267 1934 ὧς
288 1851 395 1941 ἔφατ’,
419 1856 523 1942 αὐτάρ
547 1855 610 1939 ἐμά
633 1880 671 1939 με
694 1857 775 1941 μετὰ
798 1856 898 1943 φρεσὶ
921 1859 1118 1945 μερμήριξα,

177 1964 409 2046 σπασσάμενος
431 1963 592 2047 τανύηκες
614 1963 677 2049 άορ
699 1960 820 2047 παχέος
842 1965 931 2049 παρὰ
953 1974 1077 2050 μηροῦ,

176 2081 222 2160 τῷ
245 2069 282 2136 οί
300 2068 490 2152 ἀποπλήξας
512 2069 662 2153 κεφαλήν
685 2069 830 2134 οὖδάσδε
852 2072 1014 2136 πελάσσαι
1139 2088 1192 2139 440

177 2175 231 2242 καὶ
253 2184 326 2264 πηῷ
349 2197 411 2262 περ
434 2174 522 2240 ἐόντι
545 2174 632 2258 μάλα
654 2176 789 2258 σχεδόν·
812 2173 895 2240 ἀλλά
918 2170 953 2261 μ’
978 2174 1102 2263 ἑταῖροι

177 2284 349 2368 μειλιχίοις
371 2279 522 2346 ἐπέεσσιν
546 2278 687 2363 ἐρήτυον
710 2282 856 2346 άλλοθεν
879 2280 993 2358 ἀλλος·

177 2386 351 2474 διογενές,
374 2395 494 2453 τοῦτον
517 2380 577 2470 μὲν
600 2383 757 2469 ἐάσομεν,
780 2387 813 2452 εί
833 2389 876 2451 σὺ
898 2387 1057 2471 κελεύεις,

178 2496 281 2562 αὐτοῦ
303 2494 369 2579 πδιρ
392 2494 452 2577 νηί
470 2515 506 2556 τε
529 2488 642 2576 μένειν
664 2489 719 2556 καὶ
741 2499 807 2574 νήα
829 2494 988 2578 ἔρυσθαι·

177 2601 257 2686 ήμῖν
281 2595 311 2666 δ’
336 2589 511 2683 ἡγεμόνευ’
538 2597 610 2683 ίερδ
632 2597 716 2682 πρὸς
738 2597 873 2682 δώματα
895 2601 1042 2685 Κίρκης.ί
1136 2618 1190 2668 446

222 2702 267 2783 ὧς
289 2707 432 2791 φάμενοι
454 2703 543 2789 παρά
565 2704 647 2787 νηὸς
670 2703 789 2787 άνήιον
811 2700 870 2787 ήδέ
893 2705 1074 2789 θαλάσσης.

179 2810 259 2880 οὐδὲ
282 2808 343 2896 μέν
366 2810 560 2897 Εὐρύλοχος
582 2812 677 2894 κοίλη
701 2810 789 2893 παρά
811 2807 867 2893 νηὶ
891 2808 1055 2895 λέλειπτο,

178 2913 251 2985 ἀλλ’
277 2911 377 2984 ἕπετ’·
399 2919 527 2983 ἔδεισεν
549 2916 613 3000 γάρ
637 2913 720 2999 ἐμήν
742 2917 907 2997 ἔκπαγλον
930 2913 1055 3000 ἐνιπήν.

221 3027 330 3111 τόφρα
354 3019 391 3089 δέ
413 3026 492 3100 τοὺς
514 3023 637 3098 ἀλλους
660 3019 797 3107 ἑτάρους
820 3020 857 3085 ἐν
881 3021 1008 3105 δώμασι
1032 3026 1139 3110 Κίρκη

179 3129 340 3207 ἐνδυκέως
363 3128 484 3195 λοῦσέν
506 3151 541 3194 τε
563 3125 619 3193 καλ
642 3130 772 3213 ἔχρισεν
796 3121 863 3192 λίπ’
889 3127 1003 3217 ἐλαίῳ,
1139 3147 1193 3197 4ου

179 3235 264 3321 ἀμφὶ
287 3229 318 3302 δ’
343 3237 407 3321 ἄρα
429 3238 566 3320 χλαίνας
589 3235 691 3310 σύλας
713 3235 815 3318 βάλεν
836 3230 896 3317 ήδέ
918 3246 1072 3318 χιτῶνας·

180 3340 401 3426 δαινυμένους
419 3335 455 3405 ’δ’
481 3339 518 3406 ἐὺ
541 3341 667 3418 πάντας
689 3339 875 3427 ἐφεύρομεν
898 3340 935 3407 ἐν
957 3342 1160 3428 μεγάροισιν.

180 3447 215 3510 οί
236 3441 266 3511 δ’
292 3445 362 3512 ἐπεὶ
385 3446 548 3530 ἀλλήλους
572 3441 665 3512 εἶδον
687 3447 881 3532 φράσσαντό
903 3440 933 3511 τ’
958 3445 1093 3531 ἐσάντα,

179 3557 295 3617 κλαῖον
318 3551 531 3636 ὀδυρόμενοι,
555 3549 630 3637 περὶ
653 3550 691 3619 δέ
715 3556 920 3638 στεναχίζετο
944 3555 1047 3638 δῶμα.
