2642 3917
532 795 771 871 Praefatio.
852 749 860 884 ,Ι

599 956 705 965 ...η-

238 1063 356 1125 Novam
378 1064 455 1122 hanc
478 1064 644 1123 carminum
665 1064 892 1123 Homerieorum
920 1064 1081 1124 editionem
1103 1065 1156 1142 qui

151 1154 370 1228 comparaverit
401 1170 469 1211 cum
505 1156 613 1230 quarta
640 1153 846 1230 Dindorfiana,
880 1153 906 1211 is
937 1154 1018 1212 haud
1045 1172 1156 1229 paucas

151 1244 284 1299 mutatas
311 1260 374 1301 esse
401 1241 534 1301 inveniet
562 1244 592 1301 et
619 1242 762 1300 lectiones
789 1245 821 1299 et
851 1242 1023 1317 scripturas.
1070 1241 1156 1313 Quod

151 1332 187 1388 ut
209 1333 367 1406 propterea
389 1330 550 1389 molestum
571 1330 736 1406 ridebitur,
771 1330 843 1406 quia
870 1330 962 1389 editio
991 1331 1023 1388 in
1046 1331 1155 1390 scholis

151 1418 279 1477 maximo
301 1421 477 1495 usurpatur,
500 1420 545 1477 ita
567 1419 733 1477 necessario
755 1419 870 1477 factum
892 1437 956 1477 esse
979 1438 1014 1477 ea
1036 1420 1102 1494 ipsa
1124 1439 1155 1477 re

151 1506 351 1585 intelligetur,
383 1507 463 1583 quod
492 1507 584 1567 editio
613 1508 682 1565 inde
712 1507 750 1565 ab
780 1525 858 1565 anno
880 1505 1081 1566 MDCOOLVI
1109 1526 1155 1566 re·

152 1595 272 1673 cognita
311 1615 370 1655 non
407 1599 479 1655 erat.
533 1596 640 1672 Itaque
682 1614 750 1654 cum
789 1596 1018 1673 recognoscendi
1054 1614 1156 1655 euram

152 1684 359 1762 suscepissem,
390 1684 422 1743 id
453 1684 527 1743 mihi
558 1684 745 1760 propositum
777 1702 840 1743 esse
867 1684 986 1761 putavi,
1017 1688 1053 1743 ut
1079 1704 1155 1761 quae
1201 1703 1203 1707 ’

152 1776 183 1832 et
218 1773 418 1833 recentiorum
449 1772 598 1832 editorum
629 1773 709 1832 curis
740 1772 897 1831 emendata
927 1775 958 1831 et
989 1776 1156 1832 ceterorum

151 1861 286 1921 virorum
312 1862 468 1920 doctorum
495 1861 603 1921 studiis
625 1861 791 1920 Homericis
818 1861 941 1921 inventa
966 1864 1065 1939 erant,
1088 1861 1154 1920 dili-

111 1962 112 1967 ’
152 1953 257 2027 genter
287 1950 465 2010 adhiberem.
517 1950 618 2027 Atque
649 1950 681 2008 in
715 1949 895 2009 lectionibus
931 1949 1052 2025 quidem
1086 1968 1154 2009 con-

152 2038 312 2098 stituendis
335 2058 354 2098 a
375 2038 528 2098 Dindorfio
551 2038 687 2097 recedere
713 2056 774 2097 non
800 2037 949 2115 dubitavi,
975 2038 1155 2115 ubicumque

151 2127 201 2187 vel
229 2128 377 2187 sententia
403 2127 452 2187 vel
483 2128 628 2186 librorum
659 2130 885 2203 ceterorumque
915 2126 1156 2186 testimoniorum

152 2216 332 2276 auctoritate
355 2215 432 2275 aliae
454 2216 550 2293 magis
573 2215 773 2275 commendari
794 2216 876 2275 visae
903 2218 981 2274 sunt.
1025 2215 1061 2274 Iu
1084 2215 1155 2275 scri-

152 2306 244 2381 ptura
266 2304 449 2363 emendanda
471 2306 532 2363 fere
556 2308 677 2363 secutus
704 2322 771 2363 sum
793 2304 975 2363 Beklrerum:
1003 2304 1054 2379 qui
1081 2323 1156 2380 quas

154 2392 334 2453 editionibus
358 2394 420 2453 suis
442 2393 600 2453 coustituit
622 2393 718 2469 leges,
741 2394 829 2451 utet
852 2392 890 2450 ad
912 2392 1043 2451 indolem
1065 2396 1155 2469 atque

154 2481 298 2558 originem
312 2481 456 2541 sermonis
470 2481 620 2541 Homerici
639 2480 725 2540 etad
749 2481 823 2539 artis
846 2480 986 2539 metricae
1009 2481 1156 2540 rationem

153 2571 265 2646 optime
284 2570 522 2629 accommodatae
547 2588 610 2629 esse
628 2569 777 2646 videntur,
799 2569 844 2628 ita
861 2569 1076 2629 recentioribus
1094 2569 1155 2629 edi-

152 2658 269 2717 toribus
302 2659 362 2719 fere
395 2678 496 2718 omnes
527 2658 671 2734 probatae
703 2661 781 2717 sunt.
834 2657 883 2716 Ita
914 2676 983 2716 cum
1013 2658 1156 2717 constitui

153 2750 270 2806 textum
297 2751 328 2807 st
355 2748 586 2806 emendatiorem
611 2766 708 2823 neque
735 2765 754 2805 a
781 2746 887 2805 ceteris
914 2745 1096 2806 editionibus
1125 2747 1156 2804 in

153 2836 323 2895 scholarum
345 2854 434 2895 usum
462 2835 618 2895 destinatis
645 2835 777 2894 multum
802 2834 1002 2912 recedentem,
1029 2834 1060 2893 id
1087 2835 1155 2894 effe-

153 2924 228 2984 cisse
251 2924 325 2983 mihi
346 2925 460 3001 videor,
491 2924 571 3001 quod
600 2923 727 2983 maxime
757 2922 817 2981 fuit
845 2922 1016 2998 petendum.
1061 2923 1156 2981 Inter·
1211 2989 1212 2992 Ἴ

153 3014 345 3089 punctionem
367 3031 471 3073 moneo
494 3013 532 3072 ad
556 3012 770 3088 discipulorum
793 3030 882 3070 usum
904 3010 1157 3071 accommodatam

154 3120 230 3179 esse3
259 3120 335 3178 quae
366 3101 392 3160 si
421 3102 519 3161 minus
548 3104 689 3160 constans
716 3100 880 3177 videbitur,
912 3118 946 3159 eo
976 3100 1055 3175 quod
1083 3100 1156 3158 mihi

153 3190 340 3266 propositum
362 3190 429 3267 fuit,
452 3192 488 3248 ut
511 3192 677 3266 excusetur,
700 3189 837 3247 futurum
860 3205 923 3247 esse
947 3205 1041 3263 spero.

241 3278 327 3337 Addo
357 3278 483 3356 singulis
510 3278 647 3353 partibus
674 3277 823 3352 tabulam,
848 3295 920 3353 qua,
947 3276 1057 3352 quibus
1083 3276 1157 3335 locis

153 3366 244 3443 hujus
276 3368 398 3443 quintae
430 3366 568 3425 editionis
600 3369 631 3425 et
658 3369 782 3442 quartae
811 3364 981 3440 discrepent
1006 3364 1157 3439 lectiones,

153 3456 240 3514 facilc
264 3455 460 3533 intelligatur.

889 3553 920 3618 0.
942 3550 1068 3617 Herma

440 3716 639 3827 fiscus
