2642 3917
493 181 702 233 ommam:
719 182 771 248 ιιι
1092 178 1131 242 31

123 320 207 384 άλλα
230 316 267 385 δέ
290 318 345 387 καὶ
369 323 497 407 δαίμων
519 322 741 406 ὑποθήσεται·
764 322 806 389 ού
828 324 892 408 γάρ
916 321 975 387 όίω

123 426 164 491 ού
187 443 225 492 σε
247 433 339 492 θεῶν
361 426 473 513 ἀέκητι
496 428 655 511 γενέσθαι
677 452 713 494 τε
734 426 902 513 τραφέμεν
924 428 993 493 τε.“,

168 526 212 609 ὥς
235 534 298 619 άρα
322 532 493 619 φωνήσασ’
520 534 667 618 ἡγήσατο
691 536 827 611 Παλλάς
846 532 971 617 Ἀθήνη

122 642 347 723 καρπαλίμως·
370 638 388 705 δ
412 636 443 705 δ’
470 642 579 705 ἔπειτα
602 638 673 722 μετ’
701 646 790 725 ῖχνια
813 644 907 723 βαῖνε
929 646 1035 705 θεοῖο.
1100 656 1135 704 30

123 736 195 824 ἷξον
218 742 249 809 δ’
275 743 309 821 ές
332 748 470 811 Πυλίων
493 745 628 831 ἀνδρῶν
651 747 772 831 ἄγυρίν
794 769 830 811 τε
852 743 908 811 καὶ
931 744 1044 830 ἕδρας,

122 848 196 916 ἔνθ’
223 852 286 935 άρα
309 850 448 937 Memno
471 846 552 934 ἧστο
575 854 640 917 σύν
662 852 791 935 υίάσιν,
815 850 901 936 άμφλ
923 849 955 917 δ’
982 850 1108 936 ἑταῖροι

124 955 208 1022 δαῖτ’
235 957 448 1041 ἐντυνόμενοι
470 956 549 1041 κρέα
565 958 592 1024 τ’
606 960 725 1024 ὤπτων
747 959 831 1024 άλλα
853 956 882 1022 τ’
908 961 1049 1044 ἔπειρον.

123 1064 159 1128 οί
179 1061 210 1129 δ’
236 1063 281 1140 δις
304 1058 367 1129 οὖν
391 1065 519 1144 ξείνους
543 1066 635 1148 ῖδον,
659 1064 783 1151 άθρόοι
803 1060 913 1147 ἦλθον
937 1064 1090 1146 ἅπαντες,

122 1170 236 1255 χερσίν
259 1166 286 1233 τ’
313 1168 497 1251 ἠσπάζοντο
521 1168 576 1235 καὶ
599 1168 800 1255 ἑδριάασθαι
822 1170 963 1252 ἄνωγον.
1099 1183 1133 1232 35

122 1286 251 1361 πρῶτος
274 1277 481 1360 Νεστορίδης
504 1278 744 1361 Πεισίστρατος
765 1275 912 1360 ἐγγύθεν
935 1274 1046 1341 έλθδιν

123 1380 320 1466 ἀμφοτέρων
343 1379 395 1446 έλε
417 1391 511 1466 χεῖρα
539 1378 595 1447 καὶ
617 1382 756 1467 ἵδρυσεν
777 1382 867 1467 παρδι
890 1379 979 1447 δαιτὶ

122 1488 243 1553 κώεσιν
266 1486 303 1551 ἐν
325 1490 522 1570 μαλακοῖσιν
549 1484 603 1552 ἐπὶ
626 1488 797 1572 ψαμάθοις
819 1486 952 1571 άλίησιν

122 1594 189 1680 πάρ
212 1616 247 1659 τε
269 1596 456 1681 κασιγνήτω
481 1594 697 1677 Θρασυμήδεϊ
716 1592 772 1658 καλ
794 1591 910 1677 πατέρι
933 1583 969 1681 ηδ.

123 1701 208 1765 δῶκε
227 1696 259 1763 δ’
281 1700 344 1782 ἄρα
363 1699 561 1783 σπλάγχνων
579 1702 713 1785 μοίρας,
737 1697 774 1764 έν
792 1696 823 1763 δ’
846 1694 941 1763 οἶνον
960 1701 1073 1782 ἔχευεν
1100 1713 1134 1761 40

123 1808 265 1894 χρυσείῳ
290 1802 401 1869 δέπαϊ·
438 1806 686 1889 δειδισκόμενος
709 1800 746 1869 δέ
768 1804 942 1889 προσηύδα
1062 1859 1065 1863 .

124 1908 273 1977 Παλλάδ’
297 1908 479 1995 Ἀθηναίην
506 1912 633 1996 κούρην
655 1913 740 1988 Διὸς
763 1914 939 1995 αἰγιόχοιο·

123 2018 240 2101 ,εὔχεο
263 2024 343 2098 νῦν,
367 2010 392 2081 ὦ
417 2014 518 2099 ξεῖνε,
543 2016 755 2083 Ποσειδάωνι
778 2016 908 2081 άνακτι·

123 2132 184 2188 τοῦ
206 2123 269 2206 γάρ
293 2118 348 2187 καὶ
371 2122 485 2204 δαίτης
507 2121 668 2206 ἠντήσατε
692 2123 793 2207 δεῦρο
817 2123 982 2206 μολόντες.

124 2229 228 2313 αὐτὰρ
247 2229 329 2313 ἐπὴν
352 2230 487 2313 σπείσης
510 2251 544 2294 τε
566 2224 622 2294 καὶ
644 2228 768 2311 εὔξεαι,
790 2227 812 2310 ἣ
834 2226 933 2311 θέμις
956 2226 1062 2309 ἐστίν,
1100 2243 1134 2291 45

124 2337 182 2413 δὸς
204 2333 259 2401 καὶ
281 2335 387 2423 τούτῳ
411 2337 520 2399 ἔπειτα
544 2332 645 2411 δέπας
668 2332 841 2419 μελιηδέος
864 2339 960 2398 οῖυου

124 2452 270 2523 σπεῖσαι,
294 2437 364 2506 ἐπεὶ
386 2438 442 2505 καὶ
463 2448 584 2506 τοῦτον
607 2440 719 2525 ὀίομαι
742 2440 961 2506 ἀθανάτοισιν

124 2548 295 2631 εὔχεσθαι·
318 2547 438 2623 πάντες
462 2541 498 2610 δέ
520 2550 612 2611 θεῶν
634 2544 786 2630 χατέουσ’
813 2547 996 2630 άνθρωποι.

124 2652 207 2717 άλλδ
229 2652 389 2735 νεώτερός
411 2650 516 2734 ἐστιν,
540 2650 693 2735 ὁμηλικίη
717 2650 749 2717 δ’
776 2650 848 2737 ἐμοὶ
871 2651 974 2738 αὐτῷ·

123 2761 263 2824 τούνεκα
287 2755 340 2823 σοὶ
363 2754 512 2844 προτέρω
536 2757 634 2823 δώσω
657 2760 814 2843 χρύσειον
837 2758 1002 2823 άλεισον.“
1100 2774 1134 2821 50

169 2861 213 2942 ὥς
236 2864 338 2930 είπδιν
361 2863 397 2929 έν
415 2860 505 2949 1χειρὶ
526 2866 615 2929 τίθει
639 2862 740 2941 δέπας
757 2862 855 2946 ἡδέος
877 2869 987 2928 οῖνου·

123 2982 216 3055 χαῖρε
240 2967 271 3035 δ’
293 2968 462 3053 Ἀθηναίη,
477 2968 673 3058 πεπνυμένω
697 2967 796 3055 άνδρὶ
819 2971 950 3057 δικαίῳ,

125 3078 245 3144 οὕνεκα
268 3070 304 3143 οἷ
324 3074 467 3163 προτέρη
491 3077 575 3142 δῶκε
594 3077 755 3160 χρύσειον
778 3077 920 3142 ἄλεισον.

124 3182 242 3249 αὐτίκα
265 3180 295 3247 δ’
323 3183 435 3267 εὔχετο
459 3184 564 3248 πολλὰ
588 3182 800 3247 Ποσειδάωνι
822 3183 952 3247 άνακτι·

123 3294 263 3371 ,,κλῦθι,
288 3289 477 3363 Ποσείδαον
499 3291 648 3372 γαιήοχε,
673 3283 756 3371 μηδὲ
778 3290 922 3373 μεγύρης
1030 3332 1034 3338 -
1100 3304 1133 3352 σε

122 3395 203 3478 ἡμῖν
226 3392 434 3479 εὐχομένοισι
458 3398 649 3476 τελευτῆσαι
670 3394 749 3457 τάδε
772 3394 860 3477 ἔργα.

127 3499 274 3586 Νέστορι
293 3496 354 3583 μὲν
376 3500 543 3584 πράτιστα
566 3496 621 3564 καί
644 3500 737 3563 υίάσι
759 3500 861 3573 κῦδος
884 3499 995 3579 ὄπαζε,
