2642 3917
162 170 227 236 170
533 174 742 226 omnm
759 173 795 226 α

155 325 270 400 πρῶτα
287 317 490 404 μελικρήτῳ,
513 314 683 399 μετέπειτα
706 311 743 380 δέ
764 312 838 398 ήδίι
861 320 957 404 οίνφ,

155 420 193 485 τὸ
216 423 329 505 τρίτον
352 413 431 486 αὖθ’
456 419 569 485 ύδατι·
601 418 654 486 ἐπὶ
682 413 713 485 δ’
740 421 861 505 ἄλφιτα
884 420 985 487 λευκά
1006 419 1165 485 πάλυνον.

156 527 262 592 πολλὰ
285 522 322 591 δέ
344 526 537 610 γουνούμην
559 527 689 592 νεκύων
712 525 860 611 ἀμενηνὰ
881 527 1025 611 κάρηνα,

156 629 268 697 ἐλθὼν
291 633 338 710 είς
356 625 490 716 Ἰθάκην
514 641 647 717 στεῖραν
671 635 771 715 βοῦν,
793 633 815 716 ή
836 656 887 710 τις
909 632 1041 719 ἀρίστη,
1132 647 1167 696 30

156 734 262 822 ήέξειν
285 736 322 803 ἐν
344 737 518 823 μεγάροισι
544 739 654 823 πυρήν
677 732 707 802 τ’
732 735 937 822 ἐμπλησέμεν
959 737 1107 820 ἐσθλῶν,

160 845 311 928 Τειρεσίη
335 837 366 908 δ’
392 842 585 908 ἀπάνευθεν
607 844 661 908 διν
685 841 872 928 ἱερευσέμεν
895 849 955 933 οῐφ

156 941 353 1032 παμμέλαν’,
376 947 413 1024 ὃς
435 950 570 1032 μήλοισι
592 944 789 1032 μεταπρέπει
810 946 1027 1035 ἡμετέροισιν.

157 1056 235 1131 τοὺς
258 1048 289 1118 δ’
315 1050 386 1118 ἐπεὶ
408 1052 572 1138 εὐχωλῇσι
594 1054 708 1138 λιτῇσί
725 1076 776 1136 τε,
799 1055 900 1119 ἔθνεα
922 1065 1065 1139 νεκρῶν,

157 1157 353 1242 ἐλλισάμην,
375 1159 416 1224 τὰ
439 1154 476 1223 δέ
498 1163 586 1242 μῇλα
608 1159 722 1242 λαβὼν
745 1158 1026 1244 ἀπεδειροτόμησα
1133 1175 1167 1223 35

158 1263 191 1342 ἐς
213 1266 357 1349 βόθρον,
380 1261 434 1349 ήέε
457 1259 488 1329 δ’
514 1256 594 1349 αἷμα
615 1261 821 1349 κελαινεφές·
853 1259 942 1329 αλδ
968 1262 1127 1349 ἀγέροντο

157 1368 260 1454 ψυχαί
282 1365 362 1450 ὑπὲξ
385 1366 517 1455 ἐρέβενς
537 1370 669 1436 νεκύων
689 1368 979 1452 κατατεθνηώτων.

159 1475 302 1558 [νύμφαι
323 1471 353 1539 τ’
379 1473 494 1556 ήόθεοί
512 1497 547 1539 τε
570 1475 773 1558 πολύτλητοί
791 1497 827 1539 τε
849 1472 1002 1560 γέροντες
1174 1534 1177 1539 ,

157 1581 362 1665 παρθενικαί
380 1576 409 1642 τ’
436 1578 553 1645 ἀταλαὶ
579 1579 763 1646 νεοπενθέα
784 1581 898 1665 θυμόν
920 1583 1070 1664 ἐχουσαι,

158 1682 277 1751 πολλοὶ
301 1682 332 1750 δ’
358 1683 536 1768 οὐτάμενοι
557 1689 756 1773 χαλκήρεσιν
779 1684 959 1771 ἐγχείησιν,
1132 1701 1168 1750 40
1307 1721 1311 1730 ·

158 1792 277 1877 άνδρες
300 1789 479 1877 ἀρηίφατοι
501 1789 733 1877 βεβροτωμένα
755 1789 860 1876 τεύχε’
886 1794 1028 1876 ἔχοντες·

159 1899 196 1962 οἳ
215 1894 334 1962 πολλοὶ
355 1893 431 1981 περὶ
453 1899 583 1983 βόθρον
606 1896 750 1982 ἐφοίτων
773 1897 920 1962 ἀλλοθεν
941 1897 1041 1974 άλλος

158 2003 320 2086 θεσπεσίη
344 2003 434 2086 ἰαχῇ·
456 1998 513 2086 ἐμὲ
536 1998 573 2068 δέ
594 2002 725 2087 χλωρόν
749 2000 824 2079 δέος
846 2000 963 2088 ήρειν.]

159 2109 201 2192 δή
225 2105 291 2173 τότ’
319 2105 425 2172 ἔπειθ’
452 2105 619 2193 ἑτάροισιν
642 2107 824 2194 ἐποτρύνας
847 2106 1003 2174 ἐκέλευσα

159 2218 261 2298 μήλα,
283 2212 324 2277 τὰ
347 2213 388 2296 δή
411 2210 567 2278 κατέκειτ’
594 2211 785 2298 ἐσφαγμένα
807 2211 901 2296 νηλέι
922 2218 1047 2302 χαλκῇ,
1132 2230 1167 2278 45

160 2321 332 2405 δείραντας
354 2327 529 2402 κατακῆαι,
552 2317 754 2396 ἐπεύξασθαι
776 2314 813 2384 δέ
835 2324 982 2403 θεοῖσιν,

160 2426 289 2512 ίφθίμφ
312 2420 342 2486 τ’
366 2421 457 2509 ’Λίδη
479 2421 536 2488 καὶ
558 2423 675 2509 ἐπαινῇ
700 2427 942 2510 Περσεφονείη·

159 2529 259 2606 αὐτὸς
281 2525 318 2595 δέ
341 2526 436 2613 ξίφος
458 2527 517 2607 ὀξὺ
540 2529 765 2615 ἐρυσσάμενος
785 2530 874 2616 παρὰ
896 2539 1005 2615 μηροῦ

159 2636 261 2719 ήμην,
285 2632 358 2700 οὐδ’
385 2640 463 2699 είων
485 2635 614 2699 νεκύων
637 2633 784 2719 ἀμενηνὰ
804 2634 933 2721 κάρηνα

160 2741 296 2824 αἵματος
318 2733 423 2805 ἀσσον
446 2746 535 2824 ίμεν,
558 2738 638 2825 πρὶν
665 2740 835 2825 Τειρεσίαο
858 2738 1038 2806 πυθέσθαι.
1132 2757 1167 2807 σο

202 2845 315 2931 πρώτη
339 2841 377 2911 δέ
399 2846 488 2930 ψυχή
509 2842 710 2931 Ἐλπήνορος
732 2839 838 2928 ήλθεν
860 2842 1008 2930 ἑταίρου·

160 2951 201 3017 ού
222 2951 286 3036 γάρ
309 2971 360 3014 πω
383 2948 544 3015 ἐτέθαπτο
566 2949 631 3014 ὑπὸ
653 2950 779 3034 χθονὸς
800 2949 1008 3036 εὐρυοδείης·

160 3067 255 3141 σῶμα
277 3056 342 3141 γὰρ
365 3053 402 3120 ἐν
424 3057 550 3140 Κίρκης
572 3056 704 3144 μεγάρφ
727 3057 960 3140 κατελείπομεν
981 3056 1075 3141 ἡμεῖς

159 3163 324 3227 ἄκλαυτον
345 3159 401 3227 καὶ
423 3162 591 3243 άθαπτον,
614 3158 685 3225 ἐπεὶ
707 3162 810 3238 πόνος
832 3163 931 3238 ἀλλος
953 3164 1090 3244 ἔπειγεν.

158 3269 217 3333 τὸν
239 3263 300 3352 μὲν
322 3265 386 3350 ἐγὼ
410 3267 559 3352 δάκρυσα
583 3266 664 3330 ίδὼν
687 3264 805 3350 ἐλέησά
825 3289 861 3332 τε
882 3272 982 3356 θυμῷ
1049 3357 1053 3362 ι
1131 3283 1166 3334 σο

157 3374 216 3438 καί
234 3397 292 3457 μιν
315 3375 473 3457 φωνήσας
494 3374 572 3436 ἔπεα
594 3373 773 3457 πτερόεντα
793 3373 1007 3459 προσηύδων·

159 3475 343 3563 ,Ἐλπήνορ,
367 3487 436 3553 πῶς
457 3473 559 3561 ήλθες
580 3477 646 3543 ὑπὸ
671 3480 773 3563 ζόφον
795 3477 965 3564 ήερόεντας
