2642 3917
184 196 228 259 42
556 197 766 249 ΟΔΤΣΣΕΙΔΣ
783 198 816 252 Γ.

185 337 259 405 οὐδ’
286 338 409 423 δλίγον.
432 342 476 405 σδ
498 335 536 405 δέ
557 347 689 423 τοῦτον,
712 336 783 405 ἐπεὶ
804 342 882 406 τεὸν
903 340 991 407 ἵκετο
1014 340 1123 425 δῶμα,

184 444 316 531 πέμψον
338 447 403 511 σὺν
426 446 535 534 δίφρςο
557 468 592 511 τε
614 442 671 510 καὶ
692 443 772 511 υἰέι·
795 445 854 523 δδς
876 443 917 511 δέ
936 445 973 512 οἵ
992 447 1127 527 ἵππους,

185 551 221 616 οἵ
240 573 292 616 τοι
316 550 533 636 ἐλαφρότατοι
554 553 664 616 θείειν
685 547 741 616 καί
762 551 883 636 κάρτος
904 552 1065 638 άριστοι.“
1142 568 1196 617 370

229 650 275 735 ὦς
296 656 360 739 ἀρα
383 653 556 741 φονήσασ’
582 655 688 741 ἀπέβη
711 661 900 739 γλαυκῶπις
919 655 1044 744 Ἀθήνη

186 765 277 848 φήνη
300 760 467 847 εἰδομένη·
488 762 620 847 θάμβος
644 760 676 827 δ’
701 762 755 829 ἵλε
777 764 902 841 πάντας
925 764 1065 841 ἰδόντας.

186 869 354 953 θαύμαζεν
376 865 407 934 δ’
434 867 452 935 δ
474 871 621 953 γεραιός,
644 868 733 946 ὅπως
755 868 828 934 ίδεν
850 868 1091 954 ὀφθαλμοῖσιν·

190 974 382 1059 Τηλεμάχου
400 970 432 1040 δ’
453 972 506 1041 ἵλε
523 984 632 1060 χεῖρα,
655 977 734 1051 ἐπος
751 971 780 1039 τ’
801 972 896 1060 ἔφατ’
917 977 956 1041 δτι
972 972 1001 1041 τ’
1023 975 1197 1059 ὀνόμαζεν·
1300 1009 1301 1014 1

186 1073 235 1163 ,,ὦ
259 1080 372 1164 φίλος,
395 1079 437 1145 οὔ
460 1094 497 1147 σε
520 1081 622 1146 ἔολπα
643 1080 747 1146 κακὸν
768 1078 825 1146 καὶ
846 1082 986 1147 ἄναλκιν
1008 1083 1160 1164 ἔσεσθαι,
1301 1167 1302 1170 ¹

186 1186 218 1251 εἰ
238 1185 281 1269 δή
302 1208 355 1251 τοι
376 1183 442 1273 νέφ
465 1179 530 1251 ὧδε
552 1183 630 1251 θεοὶ
650 1194 801 1271 πομπῆες
822 1185 966 1253 ἕπονται.
1143 1202 1197 1253 ατο
1301 1175 1302 1180 ¹

186 1290 228 1357 οὐ
249 1287 311 1376 μέν
332 1291 396 1376 γάρ
419 1314 470 1368 τις
491 1288 543 1357 ὅδ’
568 1291 669 1370 ἀλλος
687 1288 847 1377 Ὀλύμπια
869 1289 992 1377 δώματ’
1019 1291 1177 1377 ἐχόντων,

186 1396 269 1463 άλλδ
291 1397 375 1474 Διὸς
396 1397 564 1483 θυγάτηρ,
587 1397 727 1481 κυδίστη
748 1396 967 1483 τριτογένεια,

187 1502 207 1586 ἦ
229 1525 281 1569 τοι
303 1500 359 1568 καί
381 1500 494 1588 πατέρ’
520 1501 644 1570 ἐσθλὸν
668 1503 705 1569 ἐν
724 1502 928 1590 Ἀργείοισιν-
943 1504 1045 1590 ἐτίμα.

187 1608 269 1674 ἀλλὰ
292 1606 409 1674 ἀνασσ’
435 1608 544 1691 ἵληθι,
568 1610 691 1675 δίδωθι
714 1608 754 1676 δέ
773 1632 830 1696 μοι
851 1609 947 1689 κλέος
969 1611 1108 1694 ἐσθλόν,
1145 1627 1197 1677 380

187 1714 275 1803 αὐτῷ
298 1712 354 1780 καὶ
376 1714 530 1780 παίδεσσι
553 1714 608 1781 καί
631 1717 742 1802 αἰδοίη
764 1720 954 1803 παρακοίτι·

111 1878 115 1884 .
187 1819 242 1887 σοί
265 1817 296 1885 δ’
322 1814 365 1886 αὖ
388 1819 452 1904 έγδ)
475 1819 557 1906 βέξω
580 1823 666 1904 βοῦν
687 1816 764 1904 ήνιν
786 1822 1020 1908 εὐρυμέτωπον

187 1926 352 2011 ἀδμήτην,
374 1924 418 2010 ήν
440 1926 481 1993 οὔ
502 1948 553 1992 πω
577 1925 641 1993 ὑπὸ
666 1928 765 2009 ζυγὸν
787 1924 911 2011 ήγαγευ
932 1928 1031 2015 ἀνήρ·

188 2034 248 2116 τήν
270 2055 322 2098 τοι
345 2031 408 2116 ἐγὼ
432 2030 514 2118 βίξο)
537 2034 663 2118 χρυσὸν
684 2031 820 2118 κέρασιν
841 2036 1046 2121 περιχεύας.“

232 2134 277 2216 ὥς
298 2136 393 2223 ἔφατ’
418 2138 611 2224 εὐχόμενος,
633 2147 695 2205 τοῦ
717 2137 750 2204 δ’
775 2142 870 2205 ἐκλυε
893 2142 1030 2219 Παλλάς
1048 2139 1183 2225 Ἀθήνη.

188 2255 295 2311 τοῖσιν
318 2242 348 2311 δ’
374 2242 554 2329 ἡγεμόνευε
578 2246 737 2331 Γερήνιος
761 2245 881 2311 ἰππότα
903 2244 1059 2332 Νέστωρ,
1145 2263 1198 2314 σεο

189 2350 279 2417 υίάσι
300 2348 356 2416 καί
378 2353 593 2435 γαμβροῑσιν,
616 2349 653 2416 ἑὰ
676 2352 759 2436 πρὸς
781 2352 915 2435 δώματα
936 2354 1029 2418 καλά.
1207 2374 1211 2380 ’

187 2453 259 2522 ἀλλ’
286 2455 339 2522 ὅτε
363 2453 492 2541 δώμαθ’
519 2457 631 2523 ἵκοντο
654 2456 822 2539 ἀγακλυτὰ
842 2467 915 2523 voto
936 2459 1092 2540 ἄνακτος,

188 2561 291 2646 ἑξείης
314 2560 425 2641 ἕζοντο
448 2563 531 2629 κατὰ
552 2564 712 2647 κλισμούς
733 2586 768 2629 τε
789 2565 938 2649 θρόνους
960 2583 1008 2629 τε·

189 2679 257 2746 τοῖς
280 2666 311 2734 δ’
337 2667 355 2734 ὁ
378 2669 486 2753 γέρων
507 2668 669 2735 ἐλθοῦσιν
691 2667 755 2733 ἀνά
775 2676 923 2754 κρητήρα
945 2667 1106 2755 κέρασσεν
1147 2686 1201 2735 εοο

188 2782 284 2843 οἵνου
306 2773 502 2858 ἡδυπότοιο,
524 2776 584 2840 τὸν
606 2773 769 2863 ἐυδεκάτφ
793 2772 933 2862 ἐνιαυτῷ

188 2882 285 2963 ὤιξεν
306 2884 406 2966 ταμίη
428 2878 484 2947 καί
507 2880 571 2947 ἀπὸ
594 2882 783 2966 κρήδεμνον
805 2882 937 2945 ἔλυσεν·

190 2997 248 3055 τοῦ
271 2987 289 3055 δ
311 2986 419 3071 γέρον
441 2994 589 3071 κρητήρα
610 2987 812 3073 κεράσσατο,
834 2986 942 3052 πολλὰ
964 2983 996 3051 δ’
1018 2982 1145 3071 Ἀθήνη

189 3091 292 3179 εὔχετ’
319 3091 538 3167 ἀποσπένδων
560 3092 666 3178 κούρη
689 3094 773 3170 Διὸς
796 3094 967 3177 αἰγιόχοιο.

189 3201 293 3285 αὐτὰρ
316 3198 386 3266 ἐπεὶ
408 3200 548 3267 σπεῖσάν
570 3222 606 3265 τε
627 3202 708 3265 πίον
728 3195 779 3282 θ’,
803 3198 885 3265 ὅσον
906 3199 1008 3280 ήθελε
1029 3198 1154 3280 θυμός,

190 3308 225 3375 οἰ
245 3301 306 3393 μέν
327 3309 533 3383 κακιιείοντες
555 3308 636 3390 ἔβαν
658 3305 791 3371 οἰκόυδε
813 3303 963 3386 ἕκαστος,
1146 3320 1200 3371 οεο

190 3415 248 3481 τδν
270 3409 302 3479 δ’
328 3411 432 3479 αὐτοῦ
453 3415 588 3496 κοίμησε
614 3413 772 3495 Γερήνιος
795 3411 915 3476 ἱππότα
937 3408 1092 3495 Νέστωρ,

194 3518 384 3604 ἵηλέμαχον
407 3520 508 3603 φίλον
530 3518 606 3583 υίδν
625 3514 806 3600 Ὀδυσσήος
827 3519 952 3598 θείοιο,
997 3546 1003 3552 ·
