2642 3917
177 232 240 298 158
552 235 760 286 mmm
778 236 810 286 K

174 376 285 466 ῥάβδῳ
309 382 494 462 πεπληγυῖα
516 378 598 443 κατὰ
621 387 796 460 συφεοῖσιν
820 374 945 462 ἐέργνυ.

174 482 210 547 οί
229 478 266 547 δέ
290 494 382 548 συῶν
404 480 467 568 μὲν
489 486 566 568 ἐχου
589 483 734 567 κεφαλάς
756 481 875 566 φωνην
896 505 931 547 τε
953 485 1066 568 τρίχας
1087 505 1122 547 τε

173 585 229 652 καὶ
253 586 368 673 δέμας,
392 589 496 675 αὐτὰρ
519 599 600 666 νοῦς
622 584 666 673 ἧν
688 590 842 673 ἔμπεδος,
865 588 909 666 ὡς
931 590 969 654 τὸ
992 589 1096 675 πάρος
1113 610 1183 674 περ,

218 687 262 768 ὥς
285 693 321 758 οί
340 690 401 778 μὲν
423 698 592 773 κλαίοντες
615 693 765 780 ἐέρχατο,
788 705 875 760 τοῖσι
898 691 935 760 δέ
958 698 1064 781 Κίρκη
1132 710 1182 758 241

174 800 241 884 πάρ
267 795 297 885 ῤ’
328 801 453 866 ἀκυλον
475 802 622 884 βάλανόν
644 824 680 866 τε
702 801 804 885 βάλεν
826 802 953 886 καρπόν
974 824 1009 866 τε
1031 801 1185 886 κρανείης

174 906 322 988 ἔδμεναι,
346 899 400 972 οἷα
423 907 500 983 σύες
522 906 760 992 χαμαιευνάδες
783 903 855 972 αίέν
877 907 1026 973 ἔδουσιν·

174 1010 366 1096 Εὐρύλοχος
389 1006 420 1077 δ’
446 1008 516 1091 αἶψ’
541 1009 625 1097 ἦλθε
647 1014 737 1096 θοὴν
759 1010 813 1078 ἐπὶ
834 1021 899 1096 νῆα
921 1010 1079 1097 μέλαιναν
1170 1064 1172 1067 .

175 1115 331 1199 ἀγγελίην
355 1114 480 1203 ἑτάρων
503 1116 606 1204 ἐρέων
627 1117 683 1184 καλ
707 1116 846 1184 ἀδευκέα
868 1120 1003 1202 πότμον.
1132 1133 1183 1182 245

176 1219 258 1286 οὐδέ
277 1245 309 1287 τι
331 1221 498 1307 ἐκφάσθαι
521 1225 645 1290 δύνατο
669 1227 746 1302 ἔπος
768 1223 895 1309 ίέμενός
916 1248 994 1311 περ,

174 1335 236 1412 κῆρ
260 1327 333 1412 ἀχει·
353 1329 483 1418 μεγάλῳ
506 1327 742 1414 βεβολημένος·
766 1329 802 1396 ἐν
826 1328 865 1395 δέ
885 1331 920 1396 οί
940 1331 1018 1397 ὄσσε

176 1433 362 1518 δακρυόφιν
384 1437 587 1519 πίμπλαντο,
609 1437 692 1518 γόον
716 1431 747 1501 δ’
773 1437 867 1501 ὠίετο
889 1438 1007 1520 θυμός.

176 1534 247 1603 ἀλλ’
273 1539 326 1605 ὅτε
350 1539 391 1625 δή
415 1565 473 1626 μιν
495 1542 615 1618 πάντες
638 1536 845 1626 ἀγασσάμεθ’
871 1539 1068 1627 ἐξερέοντες,

175 1642 230 1708 καί
251 1646 324 1710 τότε
345 1657 413 1711 τῶν
436 1648 545 1711 ἀλλων
568 1645 694 1732 ἑτάρων
716 1647 885 1727 κατέλεξεν
908 1648 1065 1732 ὄλεθρον·
1132 1664 1184 1712 250

176 1748 303 1835 ,ᾕομεν,
327 1753 372 1830 ὡς
394 1751 553 1835 ἐκέλευες,
577 1751 641 1817 ἀυδ
665 1755 789 1839 δρυμά,
812 1748 943 1838 φαίδιμ’
965 1748 1136 1819 Ὀδυσσεῦ·

176 1855 316 1942 εὕρομεν
339 1857 375 1923 ἐν
397 1857 540 1942 βησσησι
562 1857 743 1942 τετυγμένα
766 1859 900 1943 δώματα
921 1859 1004 1923 καλά

177 1961 353 2042 [ξεστοῖσιν
375 1964 505 2046 λάεσσι,
527 1961 732 2053 περισκέπτῳ
755 1963 806 2030 ἐνὶ
827 1966 946 2054 χάρφ].

176 2069 260 2133 ἔνθα
283 2066 323 2134 δέ
342 2093 392 2147 τις
414 2068 518 2154 μέγαν
541 2071 633 2135 ίστὸυ
656 2068 852 2156 ἐποιχομένη
876 2065 939 2154 λίγ’
965 2072 1075 2136 όλειδεν

175 2173 196 2257 ἢ
218 2176 299 2252 θεὸς
321 2171 358 2259 ηέ
381 2175 480 2260 γυνή·
502 2175 555 2242 τολ
578 2172 615 2241 δέ
638 2175 829 2261 φθέγγοντο
851 2181 1039 2254 καλεῦντες·
1132 2193 1184 2242 κόο

175 2278 196 2361 ἡ
221 2275 252 2345 δ’
278 2276 348 2359 αἴθ’
375 2281 558 2362 ἐξελθοῦσα
579 2282 689 2368 θύρας
711 2283 786 2362 ὤιξε
809 2283 947 2367 φαεινάς

176 2383 231 2450 καὶ
252 2385 359 2451 κάλει·
383 2387 419 2452 οί
439 2383 471 2452 δ’
496 2388 562 2472 άμα
584 2388 704 2465 πάντες
727 2388 911 2475 ἀιδρείησιν
934 2388 1066 2455 ἕποντο·

177 2491 280 2577 αὐτὰρ
304 2490 389 2575 ἐγὼν
411 2491 586 2577 ὑπέμεινα,
609 2492 784 2578 ὀισάμενος
807 2496 909 2560 δόλον
931 2489 1025 2560 είναι.

177 2598 212 2663 οί
232 2592 263 2664 δ’
288 2592 343 2682 ἀμ’
368 2596 581 2683 ἀιστώθησαν
604 2598 752 2684 ἀολλέες,
776 2599 858 2666 οὐδέ
877 2624 926 2677 τις
948 2601 1058 2666 αὐτῶν

177 2703 332 2788 ἐξεφάνη·
355 2706 459 2790 δηρὸν
482 2701 518 2770 δέ
541 2703 729 2789 καθήμενος
752 2706 965 2786 ἐσκοπίαζον(
1133 2724 1184 2774 260

221 2805 266 2886 ὧς
288 2806 394 2895 ἔφατ’,
418 2812 522 2897 αὐτὰρ
545 2811 608 2894 ἐγὼ
631 2810 706 2898 περὶ
729 2809 789 2896 μὲν
812 2811 907 2897 ξίφος
929 2813 1137 2900 ἀργυρόηλον

178 2917 295 3000 ὤμοιιν
318 2919 482 3001 βαλόμην,
505 2915 587 3000 μέγα
610 2918 764 3002 χάλκεον,
787 2915 872 3002 ἀμφὶ
895 2914 931 2983 δέ
953 2919 1044 2999 τόξα·

177 3023 236 3088 τὸν
259 3016 290 3088 δ’
316 3020 362 3099 ἀφ
384 3022 514 3106 ἠνώγεα
538 3022 641 3106 αὐτὴν
665 3022 746 3088 ὁδὸν
768 3021 966 3108 ἡγήσασθαι.

179 3129 282 3215 αύτάρ
306 3129 325 3194 ό
347 3123 379 3212 γ’
405 3126 609 3214 ἀμφοτέρῃσι
631 3129 744 3212 λαβὼν
767 3127 933 3196 ἐλλίσσετο
955 3131 1088 3214 γούνων

181 3231 249 3319 [καί
268 3229 302 3318 μ’
328 3234 576 3319 ὀλοφυρόμενος
598 3235 677 3298 έπεα
699 3236 877 3320 πτερόεντα
899 3235 1102 3321 προσηύδα]·
1133 3254 1185 3303 266

179 3337 234 3422 ,μή
257 3334 291 3424 μ’
315 3340 374 3422 άγε
391 3333 474 3404 κεῑσ’
495 3336 649 3421 ἀέκοντα,
669 3337 855 3425 διοτρεφές,
879 3338 962 3405 ἀλλὰ
980 3336 1047 3405 λίπ’
1068 3342 1185 3408 αὐτοῦ·

181 3440 256 3510 οἶδα
278 3446 356 3530 γάρ,
381 3445 425 3521 ὡς
448 3440 517 3510 οὔτ’
543 3445 642 3522 αὐτὸς
665 3443 813 3510 ἐλεύσεαι
836 3445 912 3510 ούτε
934 3441 998 3512 τιν’
1023 3448 1124 3513 ἀλλον

183 3547 267 3625 ἀξεις
290 3559 359 3613 σῶν
382 3547 515 3635 ἑτάρων.
561 3549 644 3615 ἀλλά
667 3550 728 3630 ξὺν
749 3551 895 3616 τοίσδεσι
918 3557 1049 3619 θᾶσσον
1183 3575 1186 3578 ’
