2642 3917
512 176 719 228 οΔνΣΣειεΣ
736 179 797 232 vn.
1093 179 1158 244 105

150 315 285 397 ζεφυρίη
308 319 468 381 πνείουσα
490 319 531 382 τά
554 315 614 402 μέν
637 320 730 403 φύει,
754 321 837 386 ἄλλα
860 317 897 386 δὲ
919 320 1041 387 πέσσει.

149 419 250 503 όγχνη
273 415 323 485 ἐπ’
349 423 451 508 όγχνη
474 424 645 509 γηράσκει,
669 431 775 508 μῆλον
798 420 830 491 δ’
856 424 910 491 ἐπὶ
932 429 1040 515 μήλφ,
1106 445 1158 494 120

149 524 253 609 αὐτὰρ
277 524 328 590 ἐπὶ
352 533 504 614 σταφυλή
528 532 696 614 σταφυλή,
719 541 824 597 σῦκον
847 527 878 598 δ’
904 531 957 597 ἐπὶ
980 533 1079 622 σύκφ.

149 632 233 696 ἔνθα
256 630 296 697 δέ
315 632 351 697 οί
370 635 580 719 πολύκαρπος
603 635 693 720 ἀλωή
717 636 901 722 ἐρρίζωται,

148 745 206 819 τής
228 736 341 823 ἕτερον
363 735 424 824 μέν
445 743 645 807 θειλόπεδον
669 747 775 832 λευρῷ
799 743 855 833 ἐνὶδ
871 745 967 833 χώρφ

148 841 295 928 τέρσεται
318 844 432 932 ήελίφ,
456 844 567 931 ἑτέρας
590 845 621 912 δ’
647 849 712 933 δρα
734 873 769 915 τε
791 853 993 935 τρυγόωσιν,

149 951 249 1027 άλλας
272 947 308 1016 δὲ
330 950 523 1035 τραπέουσι·
546 954 690 1038 πάροιθε
714 954 753 1020 δέ
772 950 801 1020 τ’
827 954 972 1040 ὄμφακές
995 957 1081 1022 είσιν
1106 972 1158 1020 ιιι

149 1057 254 1134 άνθος
277 1057 439 1141 ἀφιεῖσαι,
463 1056 570 1143 ἕτεραι
594 1054 625 1124 δ’
650 1061 943 1146 ὑποπερκάζουσιν.

149 1166 233 1229 ἔνθα
256 1161 292 1230 δὲ
313 1162 475 1247 κοσμηταὶ
497 1163 634 1251 πρασιαὶ
656 1168 745 1251 παρὰ
767 1171 900 1233 νείατον
922 1169 1024 1251 όρχον

148 1282 300 1338 παντοῖαι
322 1271 505 1354 πεφύασιν,
528 1269 709 1355 ἐπηετανὸν
730 1275 907 1356 γανόωσαι.

149 1378 185 1443 ἐν
209 1375 245 1444 δὲ
268 1377 337 1443 δύω
359 1385 479 1462 κρήναι
501 1377 522 1460 ή
545 1375 607 1461 μέν
629 1373 658 1442 τ’
684 1378 749 1443 ἀνὰ
770 1388 877 1462 κήπου
899 1380 1027 1444 ἅπαντα

149 1486 336 1566 σκίδναται,
359 1481 379 1565 ἡ
405 1477 435 1548 δ’
462 1481 624 1568 ἑτέρωθεν
642 1479 703 1548 ὑπ’
729 1485 832 1568 αὐλῆς
854 1485 959 1551 οὐδὸν
981 1487 1073 1569 ἵησιν
1106 1502 1157 1552 130

101 1590 105 1598 '
147 1593 229 1676 πρὸς
252 1592 356 1673 δόμον
378 1589 523 1673 ὑψηλόν,
547 1589 629 1655 ὅθεν
651 1589 835 1674 ὑδρεύοντο
857 1596 997 1657 πολῖται.

148 1692 210 1763 τοῖ’
237 1691 288 1781 ἄρ’
316 1694 352 1761 έν
371 1689 553 1761 Ἀλκινόοιο
575 1703 668 1762 θεῶν
691 1699 770 1762 ἔσαν
793 1697 899 1780 ἀγλαά
922 1699 1022 1784 δῶρα.

192 1807 276 1868 ἔνθα
299 1803 376 1878 στάς
398 1807 514 1885 θηεῖτο
536 1803 701 1880 πολύτλας
723 1804 795 1880 δῖος
815 1799 998 1880 Ὀδυσσεύς.

148 1911 252 1995 αὐτὰρ
275 1906 345 1974 ἐπεὶ
368 1909 409 1990 δή
433 1909 540 1973 πάντα
563 1906 605 1997 ἑῷ
628 1911 779 1992 θηήσατο
801 1915 912 1997 θυμῷ,

147 2018 358 2100 καρπαλίμως
379 2009 462 2098 ὑπὲρ
487 2013 590 2078 οὐδὸν
613 2013 749 2097 ἐβήσετο
772 2016 922 2099 δώματος
945 2023 1032 2084 είσω.
1105 2036 1155 2085 135

148 2117 223 2207 εὗρε
247 2118 283 2186 δέ
309 2122 465 2203 Φαιήκων
487 2119 650 2203 ήγήτορας
672 2115 732 2202 ήδὲ
754 2119 914 2204 μέδοντας

148 2227 349 2302 σπένδοντας
373 2225 549 2290 δεπάεσσιν
572 2224 723 2312 έυσκόπφ
747 2224 964 2314 ἀργεϊφόντῃ,

148 2325 173 2420 ᾧ
197 2333 333 2419 πυμάτφ
357 2330 574 2414 σπένδεσκον,
598 2331 651 2395 ὅτε
675 2335 857 2415 μνησαίατο
879 2338 1002 2400 κοίτου.

147 2439 251 2524 αὐτάρ
275 2438 292 2503 ὁ
316 2441 358 2521 βῆ
382 2438 437 2502 διὰ
461 2439 554 2520 δῶμα
576 2438 741 2515 πολύτλας
764 2438 836 2515 δῖος
856 2434 1030 2519 Ὀδυσσεὺς

147 2546 274 2628 πολλήν
296 2538 366 2628 ήέρ’
392 2546 491 2628 ἔχων,
513 2543 556 2626 ήν
579 2543 614 2608 οί
634 2545 806 2629 περίχευεν
825 2539 965 2631 Ἀθήνη,
1105 2568 1154 2617 140

147 2645 224 2736 ὄφρ’
250 2644 329 2715 ἵκετ’
352 2644 490 2734 Ἀρήτην
512 2672 547 2714 τε
569 2647 624 2713 καὶ
644 2643 815 2715 Ἀλκίνοον
837 2654 987 2736 βασιλῆα.

147 2755 232 2842 ἀμφὶ
255 2752 286 2821 δ’
312 2749 366 2841 ἄρ’
388 2750 523 2840 Ἀρήτης
545 2756 624 2838 βάλε
646 2756 788 2838 γούνασι
810 2767 921 2844 χεῖρας
942 2754 1131 2846 Ὀδυσσεύς,

147 2861 201 2927 καὶ
223 2865 295 2927 τότε
319 2863 362 2946 δή
385 2857 416 2948 ῤ’
442 2861 556 2926 αὐτοῖο
578 2863 679 2927 πάλιν
701 2863 781 2946 χύτο
804 2862 973 2949 θέσφατος
995 2865 1067 2951 ἀήρ.

147 2970 182 3034 οί
204 2963 234 3032 δ’
260 2969 345 3055 άνεςο
369 2966 538 3051 ἐγένοντο,
562 2969 667 3052 δόμον
689 2969 771 3034 κάτα
794 2981 888 3054 φῶτα
912 2972 1051 3050 ἰδόντες·

146 3075 318 3157 θαύμαζον
338 3068 368 3137 δ’
390 3073 558 3158 ὁρόωντες.
596 3071 670 3140 ὁδὶ
689 3075 860 3140 λιτάνευεν
877 3070 1065 3154 Ὀδυσσεύς·
1104 3095 1152 3145 145

147 3173 297 3264 ,,Ἀρήτη,
319 3179 466 3265 θύγατερ
484 3177 678 3265 Ῥηξήνορος
700 3180 884 3265 ἀντιθέοιο,

146 3287 207 3350 σόν
228 3309 263 3351 τε
285 3287 385 3351 πόσιν
408 3286 450 3351 σά
472 3309 506 3350 τε
528 3281 672 3369 γούναθ’
700 3287 801 3352 ίκάνω
823 3289 929 3355 πολλὰ
951 3294 1097 3374 μογήσας

145 3391 263 3456 τούσδε
286 3414 320 3456 τε
345 3393 556 3476 δαιτυμόνας·
579 3390 785 3458 τοῖσινθεολ
808 3394 904 3476 ὄλβια
927 3394 1019 3460 δοῖεν

146 3495 314 3581 ζωέμεναι,
337 3495 392 3564 καὶ
414 3495 530 3563 παισίν
552 3497 754 3583 ἐπιτρέψειεν
777 3498 912 3576 ἕκαστος
