<?xml version="1.0" encoding="UTF-8"?>
<!DOCTYPE html PUBLIC "-//W3C//DTD XHTML 1.0 Transitional//EN"
    "http://www.w3.org/TR/xhtml1/DTD/xhtml1-transitional.dtd">
<html xmlns="http://www.w3.org/1999/xhtml" xml:lang="en" lang="en">
 <head>
  <title>
</title>
<meta http-equiv="Content-Type" content="text/html;charset=utf-8" />
  <meta name='ocr-system' content='tesseract 3.04.00' />
  <meta name='ocr-capabilities' content='ocr_page ocr_carea ocr_par ocr_line ocrx_word'/>
</head>
<body>
  <div class='ocr_page' id='page_1' title='image "./homeriodyssea00dindgoog_0169.png"; bbox 0 0 2642 3917; ppageno 0'>
   <div class='ocr_carea' id='block_1_1' title="bbox 499 169 1152 234">
    <p class='ocr_par' dir='ltr' id='par_1_1' title="bbox 499 169 1152 234">
     <span class='ocr_line' id='line_1_1' title="bbox 499 169 1152 234; baseline 0.017 -10"><span class='ocrx_word' id='word_1_1' title='bbox 499 173 707 225; x_wconf 68' lang='lat' dir='ltr'><strong><em>omnm</em></strong></span> <span class='ocrx_word' id='word_1_2' title='bbox 725 174 772 230; x_wconf 68' lang='grc' dir='ltr'><strong><em>ιε,</em></strong></span> <span class='ocrx_word' id='word_1_3' title='bbox 1090 169 1152 234; x_wconf 78' lang='lat'><strong><em>141</em></strong></span> 
     </span>
    </p>
   </div>
   <div class='ocr_carea' id='block_1_2' title="bbox 142 309 1153 3155">
    <p class='ocr_par' dir='ltr' id='par_1_2' title="bbox 142 309 1153 3155">
     <span class='ocr_line' id='line_1_2' title="bbox 189 309 1117 408; baseline -0.001 -27"><span class='ocrx_word' id='word_1_4' title='bbox 189 309 234 392; x_wconf 79' lang='grc' dir='ltr'><strong><em>ὧς</em></strong></span> <span class='ocrx_word' id='word_1_5' title='bbox 257 314 403 401; x_wconf 79' lang='grc' dir='ltr'><strong><em>ἐφάμην,</em></strong></span> <span class='ocrx_word' id='word_1_6' title='bbox 427 315 446 382; x_wconf 89' lang='grc' dir='ltr'><strong><em>δ</em></strong></span> <span class='ocrx_word' id='word_1_7' title='bbox 469 313 509 382; x_wconf 83' lang='grc' dir='ltr'><strong><em>δέ</em></strong></span> <span class='ocrx_word' id='word_1_8' title='bbox 528 313 562 408; x_wconf 89' lang='grc' dir='ltr'><strong><em>μ’</em></strong></span> <span class='ocrx_word' id='word_1_9' title='bbox 589 312 691 382; x_wconf 75' lang='grc' dir='ltr'><strong><em>οὐδέν</em></strong></span> <span class='ocrx_word' id='word_1_10' title='bbox 713 314 863 400; x_wconf 84' lang='grc' dir='ltr'><strong><em>ἀμείβετο</em></strong></span> <span class='ocrx_word' id='word_1_11' title='bbox 886 313 980 399; x_wconf 99' lang='grc' dir='ltr'><strong><em>νηλέι</em></strong></span> <span class='ocrx_word' id='word_1_12' title='bbox 1001 320 1117 402; x_wconf 76' lang='grc' dir='ltr'><strong><em>θυμῷ,</em></strong></span> 
     </span>
     <span class='ocr_line' id='line_1_3' title="bbox 144 417 985 507; baseline -0.001 -21"><span class='ocrx_word' id='word_1_13' title='bbox 144 418 215 486; x_wconf 88' lang='grc' dir='ltr'><strong><em>ἀλλ’</em></strong></span> <span class='ocrx_word' id='word_1_14' title='bbox 242 421 261 487; x_wconf 84' lang='grc' dir='ltr'><strong><em>ό</em></strong></span> <span class='ocrx_word' id='word_1_15' title='bbox 282 419 314 505; x_wconf 91' lang='grc' dir='ltr'><strong><em>γ’</em></strong></span> <span class='ocrx_word' id='word_1_16' title='bbox 341 419 475 500; x_wconf 79' lang='grc' dir='ltr'><strong><em>ἀναΐξας</em></strong></span> <span class='ocrx_word' id='word_1_17' title='bbox 498 417 625 507; x_wconf 79' lang='grc' dir='ltr'><strong><em>ἑτάροις</em></strong></span> <span class='ocrx_word' id='word_1_18' title='bbox 648 419 702 488; x_wconf 79' lang='grc' dir='ltr'><strong><em>ἐπὶ</em></strong></span> <span class='ocrx_word' id='word_1_19' title='bbox 724 431 834 506; x_wconf 76' lang='grc' dir='ltr'><strong><em>χεῖρας</em></strong></span> <span class='ocrx_word' id='word_1_20' title='bbox 857 424 985 504; x_wconf 83' lang='grc' dir='ltr'><strong><em>ίαλλεν,</em></strong></span> 
     </span>
     <span class='ocr_line' id='line_1_4' title="bbox 144 523 1025 612; baseline -0.002 -20"><span class='ocrx_word' id='word_1_21' title='bbox 144 529 208 592; x_wconf 81' lang='grc' dir='ltr'><strong><em>σῦν</em></strong></span> <span class='ocrx_word' id='word_1_22' title='bbox 231 523 267 593; x_wconf 75' lang='grc' dir='ltr'><strong><em>δέ</em></strong></span> <span class='ocrx_word' id='word_1_23' title='bbox 291 527 360 594; x_wconf 90' lang='grc' dir='ltr'><strong><em>δύω</em></strong></span> <span class='ocrx_word' id='word_1_24' title='bbox 383 527 514 612; x_wconf 77' lang='grc' dir='ltr'><strong><em>μάρψας</em></strong></span> <span class='ocrx_word' id='word_1_25' title='bbox 537 527 582 603; x_wconf 79' lang='grc' dir='ltr'><strong><em>ὥς</em></strong></span> <span class='ocrx_word' id='word_1_26' title='bbox 603 549 638 593; x_wconf 89' lang='grc' dir='ltr'><strong><em>τε</em></strong></span> <span class='ocrx_word' id='word_1_27' title='bbox 662 528 827 603; x_wconf 89' lang='grc' dir='ltr'><strong><em>σκύλακας</em></strong></span> <span class='ocrx_word' id='word_1_28' title='bbox 848 523 925 592; x_wconf 78' lang='grc' dir='ltr'><strong><em>ποτὶ</em></strong></span> <span class='ocrx_word' id='word_1_29' title='bbox 946 527 1025 612; x_wconf 84' lang='grc' dir='ltr'><strong><em>γαίη</em></strong></span> 
     </span>
     <span class='ocr_line' id='line_1_5' title="bbox 143 627 1153 718; baseline -0.003 -19"><span class='ocrx_word' id='word_1_30' title='bbox 143 627 248 699; x_wconf 91' lang='grc' dir='ltr'><strong><em>κόπτ’·</em></strong></span> <span class='ocrx_word' id='word_1_31' title='bbox 271 632 307 700; x_wconf 92' lang='grc' dir='ltr'><strong><em>ἐκ</em></strong></span> <span class='ocrx_word' id='word_1_32' title='bbox 326 631 356 700; x_wconf 89' lang='grc' dir='ltr'><strong><em>δ’</em></strong></span> <span class='ocrx_word' id='word_1_33' title='bbox 379 631 559 718; x_wconf 84' lang='grc' dir='ltr'><strong><em>ἐγκέφαλος</em></strong></span> <span class='ocrx_word' id='word_1_34' title='bbox 576 633 718 718; x_wconf 90' lang='grc' dir='ltr'><strong><em>χαμάδις</em></strong></span> <span class='ocrx_word' id='word_1_35' title='bbox 735 630 800 718; x_wconf 79' lang='grc' dir='ltr'><strong><em>ήέε,</em></strong></span> <span class='ocrx_word' id='word_1_36' title='bbox 824 633 900 698; x_wconf 91' lang='grc' dir='ltr'><strong><em>δεῦε</em></strong></span> <span class='ocrx_word' id='word_1_37' title='bbox 919 627 956 698; x_wconf 75' lang='grc' dir='ltr'><strong><em>δέ</em></strong></span> <span class='ocrx_word' id='word_1_38' title='bbox 973 643 1082 714; x_wconf 81' lang='grc' dir='ltr'><strong><em>γαῖαν.</em></strong></span> <span class='ocrx_word' id='word_1_39' title='bbox 1100 648 1153 697; x_wconf 70' lang='grc' dir='ltr'><strong><em>τεο</em></strong></span> 
     </span>
     <span class='ocr_line' id='line_1_6' title="bbox 145 735 1038 826; baseline -0.001 -22"><span class='ocrx_word' id='word_1_40' title='bbox 145 742 221 818; x_wconf 85' lang='grc' dir='ltr'><strong><em>τοῦς</em></strong></span> <span class='ocrx_word' id='word_1_41' title='bbox 244 735 281 805; x_wconf 75' lang='grc' dir='ltr'><strong><em>δέ</em></strong></span> <span class='ocrx_word' id='word_1_42' title='bbox 304 740 360 806; x_wconf 83' lang='grc' dir='ltr'><strong><em>διά</em></strong></span> <span class='ocrx_word' id='word_1_43' title='bbox 383 737 528 826; x_wconf 75' lang='grc' dir='ltr'><strong><em>μελεϊστὶ</em></strong></span> <span class='ocrx_word' id='word_1_44' title='bbox 549 739 663 824; x_wconf 82' lang='grc' dir='ltr'><strong><em>ταμὼν</em></strong></span> <span class='ocrx_word' id='word_1_45' title='bbox 685 739 873 804; x_wconf 77' lang='grc' dir='ltr'><strong><em>ὡπλίσσατο</em></strong></span> <span class='ocrx_word' id='word_1_46' title='bbox 898 739 1038 824; x_wconf 87' lang='grc' dir='ltr'><strong><em>δόρπον·</em></strong></span> 
     </span>
     <span class='ocr_line' id='line_1_7' title="bbox 143 841 1102 930; baseline -0.002 -19"><span class='ocrx_word' id='word_1_47' title='bbox 143 845 242 928; x_wconf 85' lang='grc' dir='ltr'><strong><em>ήσθιε</em></strong></span> <span class='ocrx_word' id='word_1_48' title='bbox 265 843 297 912; x_wconf 91' lang='grc' dir='ltr'><strong><em>δ’</em></strong></span> <span class='ocrx_word' id='word_1_49' title='bbox 325 845 369 924; x_wconf 75' lang='grc' dir='ltr'><strong><em>ὥς</em></strong></span> <span class='ocrx_word' id='word_1_50' title='bbox 389 868 426 910; x_wconf 90' lang='grc' dir='ltr'><strong><em>τε</em></strong></span> <span class='ocrx_word' id='word_1_51' title='bbox 449 843 534 911; x_wconf 90' lang='grc' dir='ltr'><strong><em>λέων</em></strong></span> <span class='ocrx_word' id='word_1_52' title='bbox 557 845 789 930; x_wconf 77' lang='grc' dir='ltr'><strong><em>ὀρεσίτροφος,</em></strong></span> <span class='ocrx_word' id='word_1_53' title='bbox 813 841 887 910; x_wconf 87' lang='grc' dir='ltr'><strong><em>οὐδ’</em></strong></span> <span class='ocrx_word' id='word_1_54' title='bbox 913 843 1102 927; x_wconf 89' lang='grc' dir='ltr'><strong><em>ἀπέλειπεν,</em></strong></span> 
     </span>
     <span class='ocr_line' id='line_1_8' title="bbox 143 948 934 1038; baseline -0.001 -22"><span class='ocrx_word' id='word_1_55' title='bbox 143 951 263 1034; x_wconf 86' lang='grc' dir='ltr'><strong><em>ἐγκατά</em></strong></span> <span class='ocrx_word' id='word_1_56' title='bbox 284 973 320 1017; x_wconf 90' lang='grc' dir='ltr'><strong><em>τε</em></strong></span> <span class='ocrx_word' id='word_1_57' title='bbox 343 952 467 1038; x_wconf 78' lang='grc' dir='ltr'><strong><em>σάρκας</em></strong></span> <span class='ocrx_word' id='word_1_58' title='bbox 487 973 523 1017; x_wconf 85' lang='grc' dir='ltr'><strong><em>τε</em></strong></span> <span class='ocrx_word' id='word_1_59' title='bbox 545 948 601 1016; x_wconf 81' lang='grc' dir='ltr'><strong><em>καλ</em></strong></span> <span class='ocrx_word' id='word_1_60' title='bbox 623 949 721 1017; x_wconf 80' lang='grc' dir='ltr'><strong><em>ὀστέα</em></strong></span> <span class='ocrx_word' id='word_1_61' title='bbox 744 953 934 1035; x_wconf 89' lang='grc' dir='ltr'><strong><em>μυελόεντα.</em></strong></span> 
     </span>
     <span class='ocr_line' id='line_1_9' title="bbox 142 1036 969 1142; baseline 0 -20"><span class='ocrx_word' id='word_1_62' title='bbox 142 1056 236 1142; x_wconf 76' lang='grc' dir='ltr'><strong><em>ἡμεῖς</em></strong></span> <span class='ocrx_word' id='word_1_63' title='bbox 259 1054 296 1123; x_wconf 70' lang='grc' dir='ltr'><strong><em>δὲ</em></strong></span> <span class='ocrx_word' id='word_1_64' title='bbox 318 1060 488 1135; x_wconf 86' lang='grc' dir='ltr'><strong><em>κλαίοντες</em></strong></span> <span class='ocrx_word' id='word_1_65' title='bbox 510 1055 736 1141; x_wconf 76' lang='grc' dir='ltr'><strong><em>ἀνεσχέθομεν</em></strong></span> <span class='ocrx_word' id='word_1_66' title='bbox 758 1054 819 1121; x_wconf 84' lang='grc' dir='ltr'><strong><em>Διὶ</em></strong></span> <span class='ocrx_word' id='word_1_67' title='bbox 841 1036 969 1142; x_wconf 62' lang='grc' dir='ltr'><strong><em>χετραῖ,</em></strong></span> 
     </span>
     <span class='ocr_line' id='line_1_10' title="bbox 144 1159 1153 1250; baseline -0.002 -22"><span class='ocrx_word' id='word_1_68' title='bbox 144 1161 275 1248; x_wconf 88' lang='grc' dir='ltr'><strong><em>σχέτλια</em></strong></span> <span class='ocrx_word' id='word_1_69' title='bbox 297 1159 366 1247; x_wconf 78' lang='grc' dir='ltr'><strong><em>ἔργ’</em></strong></span> <span class='ocrx_word' id='word_1_70' title='bbox 392 1162 568 1250; x_wconf 78' lang='grc' dir='ltr'><strong><em>ὁρόωντες,</em></strong></span> <span class='ocrx_word' id='word_1_71' title='bbox 592 1163 756 1248; x_wconf 83' lang='grc' dir='ltr'><strong><em>ἀμηχανίη</em></strong></span> <span class='ocrx_word' id='word_1_72' title='bbox 779 1159 811 1228; x_wconf 89' lang='grc' dir='ltr'><strong><em>δ’</em></strong></span> <span class='ocrx_word' id='word_1_73' title='bbox 837 1165 889 1247; x_wconf 86' lang='grc' dir='ltr'><strong><em>ἐχε</em></strong></span> <span class='ocrx_word' id='word_1_74' title='bbox 911 1163 1033 1247; x_wconf 87' lang='grc' dir='ltr'><strong><em>θυμόν.</em></strong></span> <span class='ocrx_word' id='word_1_75' title='bbox 1101 1177 1153 1227; x_wconf 75' lang='grc' dir='ltr'><strong><em>τοο</em></strong></span> 
     </span>
     <span class='ocr_line' id='line_1_11' title="bbox 144 1266 1020 1355; baseline 0 -21"><span class='ocrx_word' id='word_1_76' title='bbox 144 1269 248 1355; x_wconf 78' lang='grc' dir='ltr'><strong><em>αὐτὰρ</em></strong></span> <span class='ocrx_word' id='word_1_77' title='bbox 271 1266 342 1336; x_wconf 83' lang='grc' dir='ltr'><strong><em>ἐπεί</em></strong></span> <span class='ocrx_word' id='word_1_78' title='bbox 364 1270 512 1346; x_wconf 79' lang='grc' dir='ltr'><strong><em>Κύκλωψ</em></strong></span> <span class='ocrx_word' id='word_1_79' title='bbox 533 1268 680 1354; x_wconf 89' lang='grc' dir='ltr'><strong><em>μεγάλην</em></strong></span> <span class='ocrx_word' id='word_1_80' title='bbox 703 1267 890 1354; x_wconf 81' lang='grc' dir='ltr'><strong><em>ἐμπλήσατο</em></strong></span> <span class='ocrx_word' id='word_1_81' title='bbox 911 1269 1020 1352; x_wconf 76' lang='grc' dir='ltr'><strong><em>νηδύν</em></strong></span> 
     </span>
     <span class='ocr_line' id='line_1_12' title="bbox 144 1369 1081 1462; baseline -0.001 -22"><span class='ocrx_word' id='word_1_82' title='bbox 144 1374 311 1460; x_wconf 79' lang='grc' dir='ltr'><strong><em>ἀνδρόμεα</em></strong></span> <span class='ocrx_word' id='word_1_83' title='bbox 332 1369 401 1462; x_wconf 82' lang='grc' dir='ltr'><strong><em>κρέ’</em></strong></span> <span class='ocrx_word' id='word_1_84' title='bbox 426 1375 512 1440; x_wconf 79' lang='grc' dir='ltr'><strong><em>ἔδων</em></strong></span> <span class='ocrx_word' id='word_1_85' title='bbox 533 1373 589 1440; x_wconf 81' lang='grc' dir='ltr'><strong><em>καί</em></strong></span> <span class='ocrx_word' id='word_1_86' title='bbox 612 1369 662 1441; x_wconf 92' lang='grc' dir='ltr'><strong><em>ἐπ’</em></strong></span> <span class='ocrx_word' id='word_1_87' title='bbox 688 1375 832 1460; x_wconf 87' lang='grc' dir='ltr'><strong><em>ἀκρητον</em></strong></span> <span class='ocrx_word' id='word_1_88' title='bbox 853 1374 939 1457; x_wconf 88' lang='grc' dir='ltr'><strong><em>γάλα</em></strong></span> <span class='ocrx_word' id='word_1_89' title='bbox 960 1377 1081 1457; x_wconf 88' lang='grc' dir='ltr'><strong><em>πίνων,</em></strong></span> 
     </span>
     <span class='ocr_line' id='line_1_13' title="bbox 143 1475 1035 1566; baseline -0.002 -20"><span class='ocrx_word' id='word_1_90' title='bbox 143 1475 223 1546; x_wconf 73' lang='grc' dir='ltr'><strong><em>κεῖτ’</em></strong></span> <span class='ocrx_word' id='word_1_91' title='bbox 248 1475 381 1547; x_wconf 77' lang='grc' dir='ltr'><strong><em>ἔντοσθ’</em></strong></span> <span class='ocrx_word' id='word_1_92' title='bbox 407 1483 541 1566; x_wconf 87' lang='grc' dir='ltr'><strong><em>άντροιο</em></strong></span> <span class='ocrx_word' id='word_1_93' title='bbox 564 1481 812 1565; x_wconf 80' lang='grc' dir='ltr'><strong><em>τανυσσάμενος</em></strong></span> <span class='ocrx_word' id='word_1_94' title='bbox 835 1481 891 1546; x_wconf 80' lang='grc' dir='ltr'><strong><em>διά</em></strong></span> <span class='ocrx_word' id='word_1_95' title='bbox 913 1482 1035 1564; x_wconf 87' lang='grc' dir='ltr'><strong><em>μήλων.</em></strong></span> 
     </span>
     <span class='ocr_line' id='line_1_14' title="bbox 143 1581 1025 1672; baseline 0.001 -21"><span class='ocrx_word' id='word_1_96' title='bbox 143 1587 203 1652; x_wconf 85' lang='grc' dir='ltr'><strong><em>τὸν</em></strong></span> <span class='ocrx_word' id='word_1_97' title='bbox 225 1581 286 1670; x_wconf 65' lang='grc' dir='ltr'><strong><em>μὲν</em></strong></span> <span class='ocrx_word' id='word_1_98' title='bbox 304 1584 368 1669; x_wconf 82' lang='grc' dir='ltr'><strong><em>ἐγὼ</em></strong></span> <span class='ocrx_word' id='word_1_99' title='bbox 391 1587 556 1670; x_wconf 82' lang='grc' dir='ltr'><strong><em>βούλευσα</em></strong></span> <span class='ocrx_word' id='word_1_100' title='bbox 579 1587 660 1653; x_wconf 77' lang='grc' dir='ltr'><strong><em>κατὰ</em></strong></span> <span class='ocrx_word' id='word_1_101' title='bbox 684 1587 890 1670; x_wconf 78' lang='grc' dir='ltr'><strong><em>μεγαλήτορα</em></strong></span> <span class='ocrx_word' id='word_1_102' title='bbox 912 1587 1025 1672; x_wconf 89' lang='grc' dir='ltr'><strong><em>θυμὸν</em></strong></span> 
     </span>
     <span class='ocr_line' id='line_1_15' title="bbox 144 1686 1153 1779; baseline 0.001 -22"><span class='ocrx_word' id='word_1_103' title='bbox 144 1686 249 1758; x_wconf 88' lang='grc' dir='ltr'><strong><em>ἀσσον</em></strong></span> <span class='ocrx_word' id='word_1_104' title='bbox 272 1692 348 1777; x_wconf 81' lang='grc' dir='ltr'><strong><em>ἰών,</em></strong></span> <span class='ocrx_word' id='word_1_105' title='bbox 372 1692 466 1777; x_wconf 77' lang='grc' dir='ltr'><strong><em>ξίφος</em></strong></span> <span class='ocrx_word' id='word_1_106' title='bbox 488 1692 547 1772; x_wconf 77' lang='grc' dir='ltr'><strong><em>ὀξὺ</em></strong></span> <span class='ocrx_word' id='word_1_107' title='bbox 570 1692 795 1778; x_wconf 88' lang='grc' dir='ltr'><strong><em>ἐρυσσάμενος</em></strong></span> <span class='ocrx_word' id='word_1_108' title='bbox 815 1693 904 1779; x_wconf 79' lang='grc' dir='ltr'><strong><em>παρὰ</em></strong></span> <span class='ocrx_word' id='word_1_109' title='bbox 928 1701 1051 1778; x_wconf 83' lang='grc' dir='ltr'><strong><em>μηροῦ,</em></strong></span> <span class='ocrx_word' id='word_1_110' title='bbox 1101 1709 1153 1758; x_wconf 75' lang='grc'><strong><em>300</em></strong></span> 
     </span>
     <span class='ocr_line' id='line_1_16' title="bbox 144 1792 1098 1885; baseline -0.001 -21"><span class='ocrx_word' id='word_1_111' title='bbox 144 1798 323 1883; x_wconf 78' lang='grc' dir='ltr'><strong><em>οὐτάμεναι</em></strong></span> <span class='ocrx_word' id='word_1_112' title='bbox 345 1800 428 1885; x_wconf 87' lang='grc' dir='ltr'><strong><em>πρὸς</em></strong></span> <span class='ocrx_word' id='word_1_113' title='bbox 451 1804 591 1884; x_wconf 80' lang='grc' dir='ltr'><strong><em>στῆθος,</em></strong></span> <span class='ocrx_word' id='word_1_114' title='bbox 615 1798 673 1864; x_wconf 84' lang='grc' dir='ltr'><strong><em>ὅθι</em></strong></span> <span class='ocrx_word' id='word_1_115' title='bbox 696 1797 815 1885; x_wconf 88' lang='grc' dir='ltr'><strong><em>φρένες</em></strong></span> <span class='ocrx_word' id='word_1_116' title='bbox 837 1792 925 1883; x_wconf 90' lang='grc' dir='ltr'><strong><em>ήπαρ</em></strong></span> <span class='ocrx_word' id='word_1_117' title='bbox 949 1800 1098 1883; x_wconf 79' lang='grc' dir='ltr'><strong><em>ἔχουσιν,</em></strong></span> 
     </span>
     <span class='ocr_line' id='line_1_17' title="bbox 142 1898 1063 1991; baseline -0.001 -21"><span class='ocrx_word' id='word_1_118' title='bbox 142 1898 224 1990; x_wconf 87' lang='grc' dir='ltr'><strong><em>χείρ’</em></strong></span> <span class='ocrx_word' id='word_1_119' title='bbox 250 1903 527 1990; x_wconf 87' lang='grc' dir='ltr'><strong><em>ἐπιμασσάμενος·</em></strong></span> <span class='ocrx_word' id='word_1_120' title='bbox 550 1903 661 1991; x_wconf 81' lang='grc' dir='ltr'><strong><em>ἕτερος</em></strong></span> <span class='ocrx_word' id='word_1_121' title='bbox 684 1902 724 1970; x_wconf 87' lang='grc' dir='ltr'><strong><em>δέ</em></strong></span> <span class='ocrx_word' id='word_1_122' title='bbox 744 1928 784 1989; x_wconf 91' lang='grc' dir='ltr'><strong><em>με</em></strong></span> <span class='ocrx_word' id='word_1_123' title='bbox 805 1906 916 1990; x_wconf 81' lang='grc' dir='ltr'><strong><em>θυμὸς</em></strong></span> <span class='ocrx_word' id='word_1_124' title='bbox 938 1907 1063 1990; x_wconf 79' lang='grc' dir='ltr'><strong><em>ἔρυκεν.</em></strong></span> 
     </span>
     <span class='ocr_line' id='line_1_18' title="bbox 144 2005 1117 2096; baseline 0.002 -22"><span class='ocrx_word' id='word_1_125' title='bbox 144 2009 248 2075; x_wconf 85' lang='grc' dir='ltr'><strong><em>αὐτοῦ</em></strong></span> <span class='ocrx_word' id='word_1_126' title='bbox 270 2011 334 2095; x_wconf 89' lang='grc' dir='ltr'><strong><em>γάρ</em></strong></span> <span class='ocrx_word' id='word_1_127' title='bbox 358 2035 394 2076; x_wconf 88' lang='grc' dir='ltr'><strong><em>κε</em></strong></span> <span class='ocrx_word' id='word_1_128' title='bbox 417 2008 472 2075; x_wconf 79' lang='grc' dir='ltr'><strong><em>καί</em></strong></span> <span class='ocrx_word' id='word_1_129' title='bbox 494 2010 597 2094; x_wconf 78' lang='grc' dir='ltr'><strong><em>ἄμμες</em></strong></span> <span class='ocrx_word' id='word_1_130' title='bbox 620 2005 809 2095; x_wconf 83' lang='grc' dir='ltr'><strong><em>ἀπωλόμεθ’</em></strong></span> <span class='ocrx_word' id='word_1_131' title='bbox 835 2012 937 2076; x_wconf 79' lang='grc' dir='ltr'><strong><em>αίπῦν</em></strong></span> <span class='ocrx_word' id='word_1_132' title='bbox 960 2012 1117 2096; x_wconf 83' lang='grc' dir='ltr'><strong><em>ὄλεθρον·</em></strong></span> 
     </span>
     <span class='ocr_line' id='line_1_19' title="bbox 144 2116 915 2201; baseline 0.001 -20"><span class='ocrx_word' id='word_1_133' title='bbox 144 2116 185 2181; x_wconf 86' lang='grc' dir='ltr'><strong><em>ού</em></strong></span> <span class='ocrx_word' id='word_1_134' title='bbox 207 2116 272 2201; x_wconf 91' lang='grc' dir='ltr'><strong><em>γάρ</em></strong></span> <span class='ocrx_word' id='word_1_135' title='bbox 294 2139 352 2182; x_wconf 89' lang='grc' dir='ltr'><strong><em>κεν</em></strong></span> <span class='ocrx_word' id='word_1_136' title='bbox 375 2116 570 2200; x_wconf 86' lang='grc' dir='ltr'><strong><em>δυνάμεσθα</em></strong></span> <span class='ocrx_word' id='word_1_137' title='bbox 591 2116 732 2201; x_wconf 86' lang='grc' dir='ltr'><strong><em>θυράων</em></strong></span> <span class='ocrx_word' id='word_1_138' title='bbox 754 2116 915 2200; x_wconf 77' lang='grc' dir='ltr'><strong><em>ὑψηλάων</em></strong></span> 
     </span>
     <span class='ocr_line' id='line_1_20' title="bbox 143 2205 1152 2326; baseline 0.002 -40"><span class='ocrx_word' id='word_1_139' title='bbox 143 2219 259 2307; x_wconf 82' lang='grc' dir='ltr'><strong><em>χερσὶν</em></strong></span> <span class='ocrx_word' id='word_1_140' title='bbox 282 2205 481 2326; x_wconf 47' lang='grc' dir='ltr'><strong><em>ἀπώσρθαι</em></strong></span> <span class='ocrx_word' id='word_1_141' title='bbox 503 2224 604 2286; x_wconf 88' lang='grc' dir='ltr'><strong><em>λίθον</em></strong></span> <span class='ocrx_word' id='word_1_142' title='bbox 623 2222 778 2306; x_wconf 76' lang='grc' dir='ltr'><strong><em>ὄβριμον,</em></strong></span> <span class='ocrx_word' id='word_1_143' title='bbox 801 2221 842 2287; x_wconf 87' lang='grc' dir='ltr'><strong><em>δν</em></strong></span> <span class='ocrx_word' id='word_1_144' title='bbox 858 2220 1076 2307; x_wconf 81' lang='grc' dir='ltr'><strong><em>προσέθηκεν.</em></strong></span> <span class='ocrx_word' id='word_1_145' title='bbox 1100 2240 1152 2288; x_wconf 78' lang='lat'><strong><em>³05</em></strong></span> 
     </span>
     <span class='ocr_line' id='line_1_21' title="bbox 145 2321 998 2412; baseline 0 -20"><span class='ocrx_word' id='word_1_146' title='bbox 145 2321 189 2404; x_wconf 78' lang='grc' dir='ltr'><strong><em>ὧς</em></strong></span> <span class='ocrx_word' id='word_1_147' title='bbox 211 2328 284 2393; x_wconf 92' lang='grc' dir='ltr'><strong><em>τότε</em></strong></span> <span class='ocrx_word' id='word_1_148' title='bbox 307 2323 368 2412; x_wconf 71' lang='grc' dir='ltr'><strong><em>μὲν</em></strong></span> <span class='ocrx_word' id='word_1_149' title='bbox 390 2327 603 2412; x_wconf 88' lang='grc' dir='ltr'><strong><em>στενάχοντες</em></strong></span> <span class='ocrx_word' id='word_1_150' title='bbox 625 2325 799 2412; x_wconf 80' lang='grc' dir='ltr'><strong><em>ἐμείναμεν</em></strong></span> <span class='ocrx_word' id='word_1_151' title='bbox 818 2322 884 2392; x_wconf 81' lang='grc' dir='ltr'><strong><em>Ἠῶ</em></strong></span> <span class='ocrx_word' id='word_1_152' title='bbox 908 2329 998 2393; x_wconf 80' lang='grc' dir='ltr'><strong><em>δῖαν·</em></strong></span> 
     </span>
     <span class='ocr_line' id='line_1_22' title="bbox 143 2427 970 2519; baseline 0 -21"><span class='ocrx_word' id='word_1_153' title='bbox 143 2427 227 2517; x_wconf 84' lang='grc' dir='ltr'><strong><em>ήμος</em></strong></span> <span class='ocrx_word' id='word_1_154' title='bbox 250 2427 280 2498; x_wconf 87' lang='grc' dir='ltr'><strong><em>δ’</em></strong></span> <span class='ocrx_word' id='word_1_155' title='bbox 305 2431 471 2519; x_wconf 88' lang='grc' dir='ltr'><strong><em>ήριγένεια</em></strong></span> <span class='ocrx_word' id='word_1_156' title='bbox 494 2433 584 2517; x_wconf 92' lang='grc' dir='ltr'><strong><em>φάνη</em></strong></span> <span class='ocrx_word' id='word_1_157' title='bbox 608 2433 852 2518; x_wconf 71' lang='grc' dir='ltr'><strong><em>ῥοδοδάκτυλος</em></strong></span> <span class='ocrx_word' id='word_1_158' title='bbox 871 2428 970 2516; x_wconf 87' lang='grc' dir='ltr'><strong><em>Ἠώς,</em></strong></span> 
     </span>
     <span class='ocr_line' id='line_1_23' title="bbox 145 2536 1010 2624; baseline 0 -20"><span class='ocrx_word' id='word_1_159' title='bbox 145 2536 201 2604; x_wconf 83' lang='grc' dir='ltr'><strong><em>καί</em></strong></span> <span class='ocrx_word' id='word_1_160' title='bbox 222 2540 297 2605; x_wconf 87' lang='grc' dir='ltr'><strong><em>τότε</em></strong></span> <span class='ocrx_word' id='word_1_161' title='bbox 318 2547 385 2623; x_wconf 90' lang='grc' dir='ltr'><strong><em>πῦρ</em></strong></span> <span class='ocrx_word' id='word_1_162' title='bbox 409 2536 539 2604; x_wconf 87' lang='grc' dir='ltr'><strong><em>ἀνέκαιε</em></strong></span> <span class='ocrx_word' id='word_1_163' title='bbox 562 2536 618 2603; x_wconf 83' lang='grc' dir='ltr'><strong><em>καὶ</em></strong></span> <span class='ocrx_word' id='word_1_164' title='bbox 640 2539 760 2622; x_wconf 90' lang='grc' dir='ltr'><strong><em>ήμελγε</em></strong></span> <span class='ocrx_word' id='word_1_165' title='bbox 782 2540 885 2604; x_wconf 85' lang='grc' dir='ltr'><strong><em>κλυτά</em></strong></span> <span class='ocrx_word' id='word_1_166' title='bbox 907 2544 1010 2624; x_wconf 83' lang='grc' dir='ltr'><strong><em>μήλα,</em></strong></span> 
     </span>
     <span class='ocr_line' id='line_1_24' title="bbox 142 2639 1094 2732; baseline 0.001 -22"><span class='ocrx_word' id='word_1_167' title='bbox 142 2646 249 2710; x_wconf 89' lang='grc' dir='ltr'><strong><em>πάντα</em></strong></span> <span class='ocrx_word' id='word_1_168' title='bbox 272 2645 354 2710; x_wconf 85' lang='grc' dir='ltr'><strong><em>κατά</em></strong></span> <span class='ocrx_word' id='word_1_169' title='bbox 377 2654 512 2728; x_wconf 82' lang='grc' dir='ltr'><strong><em>μοῖραν,</em></strong></span> <span class='ocrx_word' id='word_1_170' title='bbox 534 2642 591 2710; x_wconf 79' lang='grc' dir='ltr'><strong><em>καὶ</em></strong></span> <span class='ocrx_word' id='word_1_171' title='bbox 612 2639 669 2710; x_wconf 84' lang='grc' dir='ltr'><strong><em>ὑπ’</em></strong></span> <span class='ocrx_word' id='word_1_172' title='bbox 695 2647 841 2730; x_wconf 79' lang='grc' dir='ltr'><strong><em>ἔμβρυον</em></strong></span> <span class='ocrx_word' id='word_1_173' title='bbox 863 2639 943 2729; x_wconf 88' lang='grc' dir='ltr'><strong><em>ήκεν</em></strong></span> <span class='ocrx_word' id='word_1_174' title='bbox 966 2644 1094 2732; x_wconf 77' lang='grc' dir='ltr'><strong><em>ἑκάστη.</em></strong></span> 
     </span>
     <span class='ocr_line' id='line_1_25' title="bbox 144 2748 1152 2837; baseline 0.002 -21"><span class='ocrx_word' id='word_1_175' title='bbox 144 2751 247 2834; x_wconf 75' lang='grc' dir='ltr'><strong><em>αὐτὰρ</em></strong></span> <span class='ocrx_word' id='word_1_176' title='bbox 271 2748 340 2817; x_wconf 75' lang='grc' dir='ltr'><strong><em>ἐπεὶ</em></strong></span> <span class='ocrx_word' id='word_1_177' title='bbox 365 2750 407 2832; x_wconf 88' lang='grc' dir='ltr'><strong><em>δή</em></strong></span> <span class='ocrx_word' id='word_1_178' title='bbox 430 2758 551 2816; x_wconf 90' lang='grc' dir='ltr'><strong><em>σπεῦσε</em></strong></span> <span class='ocrx_word' id='word_1_179' title='bbox 574 2751 804 2835; x_wconf 91' lang='grc' dir='ltr'><strong><em>πονησάμενος</em></strong></span> <span class='ocrx_word' id='word_1_180' title='bbox 825 2751 865 2817; x_wconf 83' lang='grc' dir='ltr'><strong><em>τὰ</em></strong></span> <span class='ocrx_word' id='word_1_181' title='bbox 888 2749 910 2816; x_wconf 79' lang='grc' dir='ltr'><em>ἃ</em></span> <span class='ocrx_word' id='word_1_182' title='bbox 932 2753 1027 2837; x_wconf 83' lang='grc' dir='ltr'><strong><em>ἔργα,</em></strong></span> <span class='ocrx_word' id='word_1_183' title='bbox 1099 2770 1152 2818; x_wconf 79' lang='grc' dir='ltr'><strong><em>ειο</em></strong></span> 
     </span>
     <span class='ocr_line' id='line_1_26' title="bbox 144 2850 1151 2942; baseline 0.002 -20"><span class='ocrx_word' id='word_1_184' title='bbox 144 2859 208 2922; x_wconf 85' lang='grc' dir='ltr'><strong><em>σὺν</em></strong></span> <span class='ocrx_word' id='word_1_185' title='bbox 232 2853 262 2922; x_wconf 92' lang='grc' dir='ltr'><strong><em>δ’</em></strong></span> <span class='ocrx_word' id='word_1_186' title='bbox 289 2856 367 2942; x_wconf 80' lang='grc' dir='ltr'><strong><em>ὅγε</em></strong></span> <span class='ocrx_word' id='word_1_187' title='bbox 391 2857 432 2940; x_wconf 88' lang='grc' dir='ltr'><strong><em>δή</em></strong></span> <span class='ocrx_word' id='word_1_188' title='bbox 456 2850 534 2922; x_wconf 81' lang='grc' dir='ltr'><strong><em>αὖτε</em></strong></span> <span class='ocrx_word' id='word_1_189' title='bbox 558 2856 627 2922; x_wconf 86' lang='grc' dir='ltr'><strong><em>δύω</em></strong></span> <span class='ocrx_word' id='word_1_190' title='bbox 650 2856 782 2941; x_wconf 90' lang='grc' dir='ltr'><strong><em>μάρψας</em></strong></span> <span class='ocrx_word' id='word_1_191' title='bbox 800 2857 987 2924; x_wconf 85' lang='grc' dir='ltr'><strong><em>ὡπλίσσατο</em></strong></span> <span class='ocrx_word' id='word_1_192' title='bbox 1007 2859 1151 2924; x_wconf 78' lang='grc' dir='ltr'><strong><em>δεῖπνον.</em></strong></span> 
     </span>
     <span class='ocr_line' id='line_1_27' title="bbox 145 2959 935 3049; baseline 0.004 -23"><span class='ocrx_word' id='word_1_193' title='bbox 145 2964 324 3045; x_wconf 86' lang='grc' dir='ltr'><strong><em>δειπνήσας</em></strong></span> <span class='ocrx_word' id='word_1_194' title='bbox 346 2959 377 3029; x_wconf 89' lang='grc' dir='ltr'><strong><em>δ’</em></strong></span> <span class='ocrx_word' id='word_1_195' title='bbox 404 2964 527 3049; x_wconf 85' lang='grc' dir='ltr'><strong><em>άντρου</em></strong></span> <span class='ocrx_word' id='word_1_196' title='bbox 550 2961 689 3046; x_wconf 82' lang='grc' dir='ltr'><strong><em>ἐξήλασε</em></strong></span> <span class='ocrx_word' id='word_1_197' title='bbox 711 2964 811 3028; x_wconf 90' lang='grc' dir='ltr'><strong><em>πίονα</em></strong></span> <span class='ocrx_word' id='word_1_198' title='bbox 833 2968 935 3047; x_wconf 76' lang='grc' dir='ltr'><strong><em>μῆλα,</em></strong></span> 
     </span>
     <span class='ocr_line' id='line_1_28' title="bbox 145 3066 988 3155; baseline 0.004 -22"><span class='ocrx_word' id='word_1_199' title='bbox 145 3067 281 3153; x_wconf 76' lang='grc' dir='ltr'><strong><em>ῥηιδίως</em></strong></span> <span class='ocrx_word' id='word_1_200' title='bbox 303 3068 437 3152; x_wconf 83' lang='grc' dir='ltr'><strong><em>ἀφελὼν</em></strong></span> <span class='ocrx_word' id='word_1_201' title='bbox 458 3070 586 3154; x_wconf 87' lang='grc' dir='ltr'><strong><em>θυρεὸν</em></strong></span> <span class='ocrx_word' id='word_1_202' title='bbox 608 3066 727 3153; x_wconf 87' lang='grc' dir='ltr'><strong><em>με’γαν·</em></strong></span> <span class='ocrx_word' id='word_1_203' title='bbox 750 3068 854 3155; x_wconf 77' lang='grc' dir='ltr'><strong><em>αὐτὰρ</em></strong></span> <span class='ocrx_word' id='word_1_204' title='bbox 877 3072 988 3136; x_wconf 77' lang='grc' dir='ltr'><strong><em>ἔπειτα</em></strong></span> 
     </span>
    </p>
   </div>
   <div class='ocr_carea' id='block_1_3' title="bbox 17 3170 985 3260">
    <p class='ocr_par' dir='ltr' id='par_1_3' title="bbox 17 3170 985 3260">
     <span class='ocr_line' id='line_1_29' title="bbox 17 3170 985 3260; baseline 0.004 -24"><span class='ocrx_word' id='word_1_205' title='bbox 17 3202 21 3212; x_wconf 83' lang='grc'><em>·</em></span> <span class='ocrx_word' id='word_1_206' title='bbox 144 3171 191 3251; x_wconf 77' lang='grc' dir='ltr'><strong><em>ἂψ</em></strong></span> <span class='ocrx_word' id='word_1_207' title='bbox 214 3170 362 3259; x_wconf 82' lang='grc' dir='ltr'><strong><em>ἐπέθηχ’,</em></strong></span> <span class='ocrx_word' id='word_1_208' title='bbox 385 3174 431 3250; x_wconf 85' lang='grc' dir='ltr'><strong><em>ὡς</em></strong></span> <span class='ocrx_word' id='word_1_209' title='bbox 452 3179 486 3239; x_wconf 87' lang='grc' dir='ltr'><strong><em>εί</em></strong></span> <span class='ocrx_word' id='word_1_210' title='bbox 503 3197 538 3239; x_wconf 90' lang='grc' dir='ltr'><strong><em>τε</em></strong></span> <span class='ocrx_word' id='word_1_211' title='bbox 561 3172 710 3259; x_wconf 88' lang='grc' dir='ltr'><strong><em>φαρέτρη</em></strong></span> <span class='ocrx_word' id='word_1_212' title='bbox 733 3170 818 3258; x_wconf 84' lang='grc' dir='ltr'><strong><em>πῶμ’</em></strong></span> <span class='ocrx_word' id='word_1_213' title='bbox 845 3174 985 3260; x_wconf 88' lang='grc' dir='ltr'><strong><em>ἐπιθείη.</em></strong></span> 
     </span>
    </p>
   </div>
   <div class='ocr_carea' id='block_1_4' title="bbox 144 3275 1151 3575">
    <p class='ocr_par' dir='ltr' id='par_1_4' title="bbox 144 3275 1151 3575">
     <span class='ocr_line' id='line_1_30' title="bbox 144 3275 1151 3368; baseline 0.003 -25"><span class='ocrx_word' id='word_1_214' title='bbox 144 3282 248 3364; x_wconf 81' lang='grc' dir='ltr'><strong><em>πολλή</em></strong></span> <span class='ocrx_word' id='word_1_215' title='bbox 273 3275 309 3344; x_wconf 75' lang='grc' dir='ltr'><strong><em>δέ</em></strong></span> <span class='ocrx_word' id='word_1_216' title='bbox 332 3278 429 3368; x_wconf 66' lang='grc' dir='ltr'><strong><em>βοιῖφ</em></strong></span> <span class='ocrx_word' id='word_1_217' title='bbox 452 3281 534 3364; x_wconf 83' lang='grc' dir='ltr'><strong><em>πρὸς</em></strong></span> <span class='ocrx_word' id='word_1_218' title='bbox 557 3281 635 3364; x_wconf 84' lang='grc' dir='ltr'><strong><em>ὄρος</em></strong></span> <span class='ocrx_word' id='word_1_219' title='bbox 657 3278 754 3364; x_wconf 83' lang='grc' dir='ltr'><strong><em>τρέπε</em></strong></span> <span class='ocrx_word' id='word_1_220' title='bbox 776 3283 876 3346; x_wconf 91' lang='grc' dir='ltr'><strong><em>πίονα</em></strong></span> <span class='ocrx_word' id='word_1_221' title='bbox 899 3286 964 3365; x_wconf 84' lang='grc' dir='ltr'><strong><em>μῆλ</em></strong></span> <span class='ocrx_word' id='word_1_222' title='bbox 1100 3298 1151 3346; x_wconf 78' lang='lat'><strong><em>315</em></strong></span> 
     </span>
     <span class='ocr_line' id='line_1_31' title="bbox 144 3383 1086 3470; baseline 0.002 -22"><span class='ocrx_word' id='word_1_223' title='bbox 144 3385 305 3462; x_wconf 85' lang='grc' dir='ltr'><strong><em>Κύκλωψ·</em></strong></span> <span class='ocrx_word' id='word_1_224' title='bbox 328 3383 432 3469; x_wconf 81' lang='grc' dir='ltr'><strong><em>αὐτὰρ</em></strong></span> <span class='ocrx_word' id='word_1_225' title='bbox 455 3383 518 3468; x_wconf 82' lang='grc' dir='ltr'><strong><em>ἐγὼ</em></strong></span> <span class='ocrx_word' id='word_1_226' title='bbox 542 3387 685 3470; x_wconf 90' lang='grc' dir='ltr'><strong><em>λιπόμην</em></strong></span> <span class='ocrx_word' id='word_1_227' title='bbox 707 3385 790 3450; x_wconf 82' lang='grc' dir='ltr'><strong><em>κακά</em></strong></span> <span class='ocrx_word' id='word_1_228' title='bbox 812 3385 1086 3470; x_wconf 87' lang='grc' dir='ltr'><strong><em>βυσσοδομεύων,</em></strong></span> 
     </span>
     <span class='ocr_line' id='line_1_32' title="bbox 145 3485 967 3575; baseline 0.001 -20"><span class='ocrx_word' id='word_1_229' title='bbox 145 3495 178 3555; x_wconf 81' lang='grc' dir='ltr'><strong><em>εί</em></strong></span> <span class='ocrx_word' id='word_1_230' title='bbox 196 3512 265 3565; x_wconf 91' lang='grc' dir='ltr'><strong><em>πως</em></strong></span> <span class='ocrx_word' id='word_1_231' title='bbox 287 3491 457 3573; x_wconf 90' lang='grc' dir='ltr'><strong><em>τισαίμην,</em></strong></span> <span class='ocrx_word' id='word_1_232' title='bbox 481 3490 555 3575; x_wconf 87' lang='grc' dir='ltr'><strong><em>δοίη</em></strong></span> <span class='ocrx_word' id='word_1_233' title='bbox 579 3489 619 3556; x_wconf 91' lang='grc' dir='ltr'><strong><em>δέ</em></strong></span> <span class='ocrx_word' id='word_1_234' title='bbox 638 3513 696 3574; x_wconf 91' lang='grc' dir='ltr'><strong><em>μοι</em></strong></span> <span class='ocrx_word' id='word_1_235' title='bbox 718 3485 814 3574; x_wconf 83' lang='grc' dir='ltr'><strong><em>εὖχος</em></strong></span> <span class='ocrx_word' id='word_1_236' title='bbox 834 3487 967 3574; x_wconf 80' lang='grc' dir='ltr'><strong><em>Ἀθήνη.</em></strong></span> 
     </span>
    </p>
   </div>
   <div class='ocr_carea' id='block_1_5' title="bbox 0 0 1326 3917">
    <p class='ocr_par' dir='ltr' id='par_1_5' title="bbox 0 0 1326 3917">
     <span class='ocr_line' id='line_1_33' title="bbox 0 0 1326 3917; baseline 0 0"><span class='ocrx_word' id='word_1_237' title='bbox 0 0 1326 3917; x_wconf 95' lang='lat' dir='ltr'><strong><em> </em></strong></span> 
     </span>
    </p>
   </div>
  </div>
 </body>
</html>
