2642 3917
181 194 246 258 144
559 194 767 246 omnm
785 196 806 246 1.

177 336 234 404 καὶ
245 335 313 404 τότ’
330 337 416 421 ἐγὼν
429 332 534 403 ἀσσον
548 335 654 423 φέρον
667 337 704 403 ἐκ
716 340 836 423 πυρός,
850 334 978 422 ἀμφίδ
996 335 1121 423 ἑταῖροι
1135 353 1188 402 380

178 440 320 511 ἵσταντ’·
343 444 448 531 αὐτὰρ
469 443 598 530 θάρσος
621 441 819 509 ἐνέπνευσεν
841 442 925 528 μέγα
947 444 1084 527 δαίμων.

179 550 215 615 οί
234 546 295 634 μὲν
316 552 441 635 μοχλὸν
463 548 593 626 ἑλόντες
615 547 766 634 ἐλάινον,
790 549 870 630 ὀξύν
893 547 943 615 ἐπ’
970 550 1076 638 ἀκρφ,

179 654 345 746 ὀφθαλμῷ
368 654 549 742 ἐνέρεισαν·
573 654 637 738 ἐγὼ
661 651 692 722 δ’
719 654 910 741 ἐφύπερθεν
932 653 1096 741 ἐρεισθεὶς

179 762 308 845 δίνεον,
331 761 376 839 ὡς
399 761 453 828 ότι
476 785 526 839 τις
549 769 664 849 τρυπςό
687 762 771 846 δόρυ
791 764 889 845 νήιον
912 760 997 846 ἀνήρ

178 867 350 955 τρυπάνφ,
373 867 409 932 οί
429 864 469 932 δέ
488 862 517 932 τ’
544 867 684 953 ἔνερθεν
705 867 943 933 ὑποσσείουσιν
966 867 1077 952 ίμάντι
1135 884 1187 934 385

7 997 11 1040 ι
178 971 342 1057 ἁψάμενοι
364 970 536 1058 ἑκάτερθε,
558 974 597 1040 τὸ
620 969 658 1040 δέ
679 972 787 1059 τρέχει
809 969 945 1058 ἐμμενὲς
967 975 1041 1040 αίεί.

8 1071 11 1086 ’
43 1103 46 1110 ’
178 1073 224 1155 ὧς
243 1087 306 1144 τοῦ
328 1076 366 1144 ἐν
388 1077 553 1166 όφθαλμφ
576 1081 739 1165 πυριήκεα
761 1081 886 1165 μοχλὸν
909 1078 1038 1158 ἑλόντες

179 1182 348 1269 δινέομεν,
370 1185 430 1250 τὸν
453 1181 484 1250 δ’
511 1177 591 1270 αἷμα
614 1189 767 1273 περίρρεε
788 1187 917 1271 θερμόν
939 1188 1041 1252 ίόντα.
1153 1181 1154 1184 '

178 1290 294 1356 πάντα
308 1288 349 1357 δέ
369 1291 405 1356 οί
423 1288 563 1377 βλέφαρ’
589 1290 675 1377 ἀμφὶ
696 1290 752 1358 καὶ
774 1291 904 1377 ὀφρύας
925 1286 1023 1358 εὗσεν
1045 1291 1152 1376 ἀυτμή

178 1399 302 1482 γλήνης
322 1395 514 1482 καιομένης,
537 1408 770 1484 σφαραγεῦντο
793 1397 833 1473 δέ
853 1399 889 1464 οί
908 1396 990 1484 πυρὶ
1012 1397 1107 1484 ῥίζαι.
1134 1414 1188 1464 οοο

179 1503 224 1581 ὡς
246 1500 277 1568 δ’
304 1499 352 1569 ὅτ’
379 1503 463 1589 ἀνήρ
486 1507 627 1587 χαλκεὺς
648 1503 791 1571 πέλεκυν
813 1502 918 1588 μέγαν
939 1499 978 1588 ήὲ
998 1503 1187 1590 σκέπαρνον
1213 1537 1216 1541 ’

177 1612 229 1676 είν
251 1609 349 1677 ὕδατι
371 1618 487 1698 ψυχρῷ
510 1611 618 1696 βάπτῃ
640 1611 767 1695 μεγάλα
789 1612 925 1696 ίάγοντα
974 1681 977 1686 7

179 1717 398 1803 φαρμάσσων·
421 1716 458 1781 τὸ
480 1716 545 1802 γὰρ
568 1711 646 1782 αὖτε
670 1717 812 1802 σιδήρου
833 1739 872 1800 γε
893 1716 1012 1802 κράτος
1035 1715 1139 1782 ἐστίν·

179 1819 224 1902 ὥς
246 1832 307 1889 τοῦ
330 1819 390 1902 σίζ’
417 1821 592 1908 όφθαλμός
614 1820 751 1911 έλατνέφ
773 1820 849 1907 περὶ
871 1827 991 1912 μοχλςό.

179 1927 383 2016 σμερδαλέον
405 1924 443 1995 δέ
465 1924 536 2013 μέγ’
563 1926 713 2018 ᾤμωξεν,
735 1926 811 2015 περὶ
834 1925 865 1995 δ’
892 1934 963 2014 ίαχε
984 1927 1103 2015 πέτρη,
1135 1947 1187 1996 3οό

178 2036 272 2122 ήμείς
294 2032 333 2103 δέ
354 2037 523 2112 δείσαντες
545 2031 766 2119 ἀπεσσύμεθ’·
789 2034 893 2121 αὐτὰρ
916 2033 935 2099 ό
958 2036 1083 2119 μοχλὸν

179 2139 305 2229 ἐξέρυσ’
331 2142 522 2227 ὀφθαλμοῖο
544 2139 759 2226 πεφυρμένον
781 2140 894 2225 αἵματι
914 2145 1035 2228 πολλςό.

177 2251 238 2316 τὸν
260 2245 322 2333 μὲν
343 2244 442 2315 ἔπειτ’
469 2250 605 2334 ἔρριψεν
627 2247 691 2314 ἀπὸ
714 2246 750 2313 ἑο
772 2245 886 2333 χερσὶν
909 2245 1036 2330 ἀλύων,

179 2355 284 2440 αὐτὰρ
307 2354 326 2422 ὀ
348 2356 533 2431 Κύκλωπας
555 2349 669 2438 μεγάλ’
694 2353 816 2437 ήπυεν,
838 2353 875 2418 οἵ
895 2352 937 2439 βά
959 2377 1017 2438 μιν
1039 2352 1143 2439 ἀμφίς

178 2461 284 2550 ᾤκεον
306 2459 344 2527 ἐν
366 2462 506 2544 σπήεσσι
529 2455 573 2524 δι’
599 2460 715 2545 ἄκριας
736 2456 946 2542 ήνεμοέσσας.
1133 2477 1187 2529 ιοο

179 2569 215 2634 οί
234 2563 272 2634 δέ
294 2569 376 2650 βοής
399 2565 527 2643 ἀίοντες
549 2564 693 2650 ἐφοίτων
715 2564 861 2630 ἄλλοθεν
882 2566 996 2651 ἀλλος,

179 2674 349 2758 ίστάμενοι
373 2668 404 2738 δ’
430 2677 560 2757 είροντο
582 2668 658 2755 περί
681 2668 795 2753 σπέος,
818 2670 888 2736 δττι
911 2670 929 2738 ἑ
949 2673 1061 2757 κήδοι·

179 2783 281 2864 ,τίπτε
302 2781 418 2861 τόσον,
442 2773 637 2862 Πολύφημ’,
662 2774 825 2861 ἀρημένος
847 2771 912 2843 ὧδε
934 2781 1078 2862 βόησας,

178 2886 282 2952 νύκτα
305 2882 349 2951 δι’
376 2883 562 2970 ἀμβροσίην
588 2881 644 2948 καὶ
668 2882 816 2960 ἀύπνους
838 2882 924 2967 ἀμμε
940 2886 1104 2967 τίθησθας

178 2987 199 3076 ή
222 2993 267 3077 μή
289 2993 340 3069 τίς
361 3007 422 3057 σευ
444 2994 531 3075 μήλα
553 2992 684 3075 βροτῶν
707 2986 861 3066 ἀέκοντος
884 2987 1029 3070 ἐλαύνεις
1133 3006 1186 3056 ιοό

178 3093 199 3182 ή
223 3099 267 3183 μή
289 3099 339 3175 τίς
362 3093 393 3162 d
419 3097 523 3163 αὐτὸν
544 3097 665 3162 κτείνει
688 3096 777 3183 δόλφ
798 3089 837 3177 ήὲ
859 3096 1005 3179 βίηφιν;ί

222 3206 301 3281 τοὺς
316 3198 346 3270 δ’
364 3196 436 3268 αὖτ’
453 3201 487 3282 ἐξ
501 3203 625 3288 ἀντρου
638 3199 790 3285 προσέφη
800 3195 957 3286 κρατερὸς
967 3204 1186 3288 Πολύφημος·
1302 3209 1308 3219 ’

179 3306 216 3393 ,ὦ
240 3313 349 3396 φίλοι,
374 3302 475 3385 Οὖτίς
496 3330 536 3392 με
558 3310 679 3374 κτείνει
701 3300 790 3395 δόλφ
812 3302 893 3373 ούδὲ
914 3310 1054 3393 βίηφινέ

222 3415 259 3481 οί
279 3412 310 3481 δ’
337 3413 595 3499 ἀπαμειβόμενοι
617 3417 698 3480 ἔπεα
720 3408 886 3499 πτερόεντ’
912 3412 1089 3501 ἀγόρευον·

179 3522 222 3601 ,εί
241 3516 302 3604 μέν
326 3520 367 3603 δή
390 3522 435 3605 μή
457 3522 507 3598 τίς
529 3537 566 3587 σε
589 3521 732 3605 βιάζεται
755 3514 829 3586 οίον
853 3519 964 3604 ἐόντα,
1134 3535 1187 3589 410
