2642 3917
179 185 221 250 96
559 185 767 236 omnam:
785 186 813 236 z.

179 329 262 393 άστυ
286 326 324 394 δέ
345 352 402 413 μοι
425 327 550 410 δεῖξον,
574 328 632 404 δός
655 322 692 390 δέ
715 326 815 411 δάκος
837 325 1100 410 ἀμφιβαλέσθαι,

179 439 213 500 εί
230 437 266 498 τί
285 456 351 499 που
374 437 492 517 είλυμα
514 435 659 519 σπείρων
682 435 753 516 ἐχες
774 427 891 498 ἐνθάδ’
917 435 1023 498 ἐοῦσα

179 537 234 604 σοὶ
257 536 294 604 δέ
316 537 393 605 θεολ
415 541 496 604 τόσα
515 539 623 620 δοῖεν,
646 538 709 603 ὅσα
727 537 827 623 φρεσὶ
846 547 923 623 σησι
941 546 1111 624 μενοινᾷς,
1137 555 1188 602 180

180 644 285 730 ἀνδρα
307 666 342 709 τε
365 640 420 709 καλ
443 637 553 725 οἱκον,
576 640 632 707 καὶ
655 641 894 727 ὁμοφροσύνην
916 642 1076 709 ὀπάσειαν

179 748 320 834 ἐσθλήν·
351 750 394 815 ού
417 745 563 834 μὲνγὰρ
586 758 647 814 τοῦ
669 771 707 831 γε
729 759 885 834 κρεῖσσον
907 746 963 814 καλ
985 751 1115 834 ἄρειον,

180 854 199 938 ή
224 850 278 920 ὅθ’
305 854 549 941 ὁμοφρονέοντε
572 858 737 939 νοήμασιν
759 850 853 921 οἱκον
876 857 994 939 ἔχητον

180 960 265 1048 ἀνήρ
288 957 347 1044 ήδέ
369 963 469 1046 γυνή·
491 955 586 1027 πόλλ’
612 963 713 1044 άλγεα
736 959 988 1045 δυσμενέεσσιν,

179 1067 327 1152 χάρματα
342 1062 373 1132 δ’
391 1066 596 1153 εὐμενέτῃσι,
611 1068 752 1152 μάλιστα
766 1066 805 1133 δέ
816 1061 846 1131 τ’
862 1069 981 1132 ἐκλυον
995 1067 1122 1133 αύτοί.“
1138 1084 1189 1141 ιεε
1232 1113 1236 1118 -

224 1175 283 1239 τὸν
306 1168 337 1237 δ’
362 1168 406 1239 αὖ
429 1174 606 1239 Ναυσικάα
629 1172 831 1250 λευκώλενος
854 1172 969 1238 ἀντίον
991 1174 1092 1256 ηὔδα·

181 1274 296 1362 ,,ξεῑν’,
321 1277 390 1344 ἐπεὶ
414 1279 490 1344 ούτε
512 1285 601 1366 κακῷ
625 1271 696 1343 οὔτ’
721 1279 845 1363 ἀφρονι
869 1274 955 1361 φωτὶ
978 1279 1100 1356 ἔοικας·

182 1386 265 1461 Ζεὺς
288 1377 319 1448 δ’
345 1383 444 1460 αὐτὸς
466 1381 558 1466 νέμει
580 1384 683 1466 ὄλβον
703 1375 876 1465 Ὀλύμπιος
898 1381 1145 1468 ἀνθρώποισιν,

181 1489 316 1567 ἐσθλοῖς
338 1486 397 1572 ήδὲ
420 1498 585 1571 κακοῖσιν,
609 1487 697 1564 ὅπως
719 1484 890 1573 ἐθέλησιν,
914 1486 1052 1577 ἑκάστφ·

180 1597 239 1660 καί
253 1615 320 1660 που
338 1592 392 1659 σοὶ
410 1588 483 1659 τάδ’
504 1592 620 1676 ἐδωκε,
639 1588 677 1658 σὲ
695 1588 733 1658 δὲ
751 1595 813 1680 χρή
827 1595 984 1677 τετλάμεν
998 1597 1115 1679 ἔμπης·
1139 1612 1190 1660 190

180 1709 245 1766 νῦν
268 1695 313 1783 δ’,
336 1698 406 1765 ἐπεὶ
428 1698 589 1783 ἡμετέρην
611 1721 646 1763 τε
668 1701 767 1764 πόλιν
788 1696 844 1764 καὶ
866 1709 965 1782 γαῖαν
989 1699 1126 1782 ἱκάνεις,

182 1799 252 1870 οὔτ’
278 1799 341 1870 οὖν
364 1801 504 1886 ἐσθῆτος
528 1804 683 1887 δευήσεαι
705 1804 781 1870 οὔτε
803 1827 862 1870 τευ
884 1806 1004 1888 ἀλλον,

181 1907 230 1978 ὧν
253 1905 372 1994 ἐπέοιχ’
400 1908 510 1993 ἱκέτην
532 1912 744 1996 ταλαπείριον
767 1909 976 1985 ἀντιάσαντα.

182 2019 265 2083 άστυ
288 2016 328 2083 δέ
347 2039 399 2081 τοι
422 2015 534 2098 δείξω,
558 2013 638 2100 ἐρέω
663 2013 703 2080 δέ
722 2039 774 2081 τοι
797 2017 925 2100 οὕνομα
948 2021 1045 2082 λαῶν.

185 2125 326 2206 Φαίηκες
348 2118 409 2205 μέν
430 2122 529 2204 τήνδε
552 2123 651 2186 πόλιν
672 2118 728 2186 καὶ
750 2131 850 2204 γαῖαν
872 2123 1021 2206 ἔχουσιν,
1139 2139 1190 2186 195

182 2225 250 2312 εἱμλ
273 2222 304 2292 δ’
330 2226 394 2310 ἐγὼ
417 2228 570 2312 θυγάτηρ
593 2229 815 2311 μεγαλήτορος
833 2220 1031 2308 Ἀλκινόοιο,

181 2342 242 2399 τοῦ
266 2327 297 2398 δ’
324 2331 360 2399 ἐκ
385 2335 541 2416 Φαιήκων
563 2335 670 2415 ἔχεται
691 2332 811 2416 κάρτος
832 2355 867 2398 τε
889 2334 945 2416 βίη
967 2333 1034 2396 τε.“

225 2432 246 2522 ή
270 2438 312 2523 όα
339 2436 394 2504 καλ
417 2438 655 2522 ἀμφιπόλοισιν
678 2436 913 2521 ἐυπλοκάμοισι
934 2435 1104 2503 κέλευσεν·

183 2543 304 2629 ,στῆτέ
325 2568 396 2628 μοι,
421 2544 616 2629 ἀμφίπολοι·
638 2545 720 2609 πόσε
743 2545 881 2628 φεύγετε
904 2555 998 2628 φῶτα
1021 2544 1167 2621 ἱδοῦσαι;

182 2645 203 2733 ή
226 2651 271 2733 μή
294 2649 360 2714 πού
383 2673 458 2714 τινα
476 2646 667 2733 δυσμενέων
685 2643 791 2732 φάσθ’
813 2651 949 2733 ἔμμεναι
967 2648 1113 2734 ἀνδρῶν;
1138 2665 1190 2714 200

183 2755 246 2821 οὐκ
268 2749 341 2820 ἐσθ’
368 2749 466 2831 οὗτος
488 2753 572 2838 ἀνὴρ
596 2753 707 2839 διερὸς
728 2755 862 2837 βροτός,
885 2748 966 2818 ούδδ
987 2751 1137 2836 γένηται,

182 2861 220 2939 ὅς
241 2883 299 2926 κεν
324 2862 480 2943 Φαιήκων
503 2859 636 2944 ἀνδρῶν
659 2857 693 2935 ἐς
714 2869 814 2941 γαῖαν
836 2859 945 2942 ἵκηται

184 2970 339 3051 δηιοτῆτα
362 2964 488 3051 φέρων·
520 2966 607 3049 μάλα
628 2966 693 3049 γάρ
717 2968 809 3049 φίλοι
832 2963 1059 3030 ἀθανάτοισιν.

183 3070 334 3156 οἰκέομεν
357 3065 388 3135 δ’
415 3070 583 3136 ἀπάνευθε
606 3071 822 3158 πολυκλύστφ
845 3067 896 3135 ἐνὶ
917 3072 1044 3158 πόντφ,

184 3181 328 3261 ἔσχατοι,
353 3175 436 3242 οὐδέ
454 3199 504 3253 τις
527 3177 608 3261 άμμι
630 3180 762 3261 βροτῶν
784 3176 987 3259 ἐπιμίσγεται
1008 3176 1115 3252 ἀλλος.
1139 3191 1191 3241 νου

183 3277 255 3348 ἀλλ’
282 3282 339 3348 ὅδε
361 3305 411 3359 τις
434 3282 596 3366 δύστηνος
619 3280 788 3366 ἀλώμενος
810 3276 927 3347 ἐνθάδ’
954 3281 1074 3363 ἱκάνει,

183 3388 243 3452 τὸν
264 3395 329 3452 νῦν
351 3388 413 3472 χρή
435 3385 580 3471 κομέειν·
603 3387 686 3472 πρὸς
707 3387 771 3470 γάρ
793 3388 878 3464 Διός
899 3388 985 3452 είσιν
1007 3386 1148 3464 ἀπαντες

185 3493 290 3573 ξεῖνοί
309 3516 344 3558 τε
366 3494 493 3577 πτωχοί
511 3516 561 3575 τε,
584 3493 677 3568 δόσις
700 3486 731 3557 δ’
757 3492 852 3576 ὀλίγη
874 3514 910 3557 τε
932 3495 1014 3576 φίλη
1036 3514 1080 3557 τε.
