2642 3917
533 967 568 1034 ll.
591 967 629 1033 A.
645 966 758 1039 Wolfii

497 1147 798 1223 Summaria.

595 1308 702 1316 ——-—-

635 1408 661 1474 I.

210 1524 354 1584 Invocnte
385 1524 473 1583 Musa
508 1523 544 1581 ut
575 1520 693 1580 Ulixem
729 1524 818 1580 canat
854 1520 891 1581 ab
928 1540 1031 1581 eversu
1063 1521 1152 1581 Troia

145 1602 294 1671 errantem
325 1614 356 1671 et
387 1612 503 1671 emissis
536 1609 674 1671 omnibus
706 1609 793 1669 sociis
827 1610 949 1668 domum
979 1610 1153 1669 redeuntem

146 1692 298 1781 (ia-10),
325 1700 457 1760 narratio
481 1699 602 1759 ducitur
624 1698 661 1756 ab
686 1717 720 1757 eo
747 1700 893 1776 tempore,
920 1717 980 1774 quo
1005 1696 1152 1775 Calypsus

145 1788 276 1847 insulem
298 1788 349 1847 ille
372 1788 532 1848 relicturus
556 1789 608 1846 est.
645 1786 776 1845 Absente
799 1786 879 1845 enim
896 1786 1047 1864 Neptuno,
1066 1786 1152 1847 ouius

145 1876 191 1935 ira
209 1876 308 1935 virum
326 1876 387 1935 ium
406 1877 520 1935 dudum
537 1874 636 1935 reditu
655 1874 788 1952 arcebat,
812 1875 964 1934 decretum
981 1873 1016 1933 fit
1033 1874 1065 1933 in
1083 1894 1151 1935 ocn-

146 1966 214 2025 cilio
238 1966 370 2043 deorum,
393 1967 430 2023 ut
448 1964 576 2041 Calypso
600 1982 668 2021 eum
691 1962 729 2022 eb
748 1961 867 2040 Ogygio
885 1962 985 2022 insule
1003 1961 1152 2023 discedere

146 2055 327 2129 domumque
349 2052 460 2113 reverti
482 2052 562 2112 sinet
584 2043 761 2132 (11-95);
783 2051 918 2111 Minerva
941 2054 1050 2129 eutem,
1075 2070 1152 2127 quoe

146 2142 177 2201 id
195 2142 323 2201 maxime
342 2141 420 2220 ugit,
443 2141 474 2199 in
498 2140 632 2199 Ithacam
655 2139 693 2197 ad
715 2138 812 2197 filium
829 2138 924 2215 ipsius
942 2140 1153 2215 pubescentem
1172 2180 1176 2189 -

146 2230 283 2307 festinet,
311 2229 364 2288 ubi
395 2249 506 2308 mogun
537 2228 626 2287 turbo
657 2246 816 2303 procorum
846 2227 961 2303 nuptiis
990 2227 1152 2305 Penelopes

146 2318 366 2378 imminentium
392 2318 488 2377 Ulixis
515 2316 616 2392 copies
648 2315 819 2375 cottidianis
848 2314 992 2375 conviviis
1021 2316 1153 2375 absumit

148 2398 339 2488 (eo-112).
385 2406 475 2483 Apud
503 2424 552 2464 eos
575 2424 665 2481 segor
687 2403 780 2462 enimi
802 2403 996 2463 Telemachus
1019 2404 1151 2464 assidens

146 2497 314 2555 reverenter
336 2494 446 2570 excipit
468 2494 555 2552 deam
576 2492 707 2569 Mentue,
731 2492 913 2568 Taphiorum
941 2492 1032 2571 regis,
1055 2492 1152 2569 specie

148 2584 297 2660 indutum,
326 2600 403 2659 quoe
430 2581 530 2658 ipsum
556 2579 647 2640 variis
675 2580 859 2640 sermonibus
886 2580 925 2639 ed
952 2600 1035 2657 spem
1056 2581 1152 2657 pubis

147 2670 320 2749 propediem
350 2669 467 2730 reducis
494 2668 614 2729 videndi
646 2667 756 2728 excitet
786 2668 983 2745 horteturque
1015 2669 1054 2728 ed
1084 2690 1152 2729 con-

149 2760 261 2819 tionem
288 2757 491 2818 Ithacensium
518 2758 677 2836 agendum,
705 2756 737 2814 in
765 2775 826 2832 quc
847 2775 1006 2832 procorum
1027 2757 1152 2817 iniurias

147 2848 250 2924 pclem
273 2848 400 2924 accuset,
424 2848 455 2906 et
477 2849 514 2905 ut
536 2846 598 2921 ipse
622 2844 726 2904 statim
748 2844 783 2904 de
805 2847 891 2921 petre
910 2843 1094 2905 sciscitatum
1115 2847 1153 2905 ad

148 2937 305 2997 Nestorem
328 2953 363 2994 uc
385 2935 555 2994 Menelaum
576 2932 790 3011 proficiscetur,
817 2951 918 2993 recens
943 2932 980 2993 ob
1004 2934 1152 2993 erroribus

148 3042 297 3103 regressos
320 3014 533 3102 (113—318).
579 3022 660 3099 Mox,
688 3021 741 3079 ubi
768 3040 804 3080 ex
830 3021 924 3081 oeulis
952 3022 1076 3081 evannit
1097 3023 1153 3083 dea

148 3133 207 3173 non
235 3113 298 3171 sine
325 3111 434 3171 indicio
461 3110 605 3187 numinis,
634 3109 776 3169 Phemius
802 3129 960 3186 procorum
983 3111 1079 3186 epulis
1102 3112 1153 3171 ed·

148 3202 262 3260 hibitus
284 3219 389 3260 canere
412 3199 529 3259 orditur
551 3198 586 3257 de
613 3198 726 3258 infelici
748 3198 939 3277 navigatione
962 3199 1153 3278 Achivorum,

149 3310 209 3368 quo
233 3290 409 3367 argumento
433 3288 544 3347 offense
566 3287 713 3362 Penelope
741 3289 892 3347 cantorem
919 3286 958 3345 ad
985 3287 1046 3346 elic
1070 3307 1154 3348 revo-

148 3397 215 3439 cure
243 3379 381 3452 conetur3
405 3376 456 3435 sed
483 3374 585 3435 ofilio
608 3375 700 3433 libere
726 3374 964 3452 reprehenditur,
992 3375 1046 3452 qui
1074 3394 1154 3435 nuno

148 3467 279 3544 primum
306 3464 397 3524 etiem
424 3483 493 3524 cum
519 3463 616 3540 procis
643 3462 850 3523 contumacius
874 3480 1018 3540 generose
1040 3462 1153 3537 simpli-

148 3556 240 3615 citate
263 3553 434 3631 expostulet
457 3554 487 3613 et
509 3552 538 3610 in
563 3551 727 3611 erastinum
754 3550 859 3609 indicit
881 3549 1049 3610 contionem
1071 3549 1151 3607 houd
