2642 3917
180 175 240 238 168
552 179 760 229 ΟΔΥΣΣΕΙΑΣ
778 181 810 230 K.

172 316 299 402 ,μηκέτι
321 328 386 384 νῦν
409 318 563 396 εὕδοντες
585 320 717 386 ἀωτεῖτε
740 325 867 403 γλυκὺν
889 321 1014 406 ὕπνον,

172 421 243 488 ἀλλ’
270 430 378 508 ίομεν·
402 425 443 508 δή
466 425 530 510 γάρ
553 449 610 509 μοι
633 424 797 510 ἐπέφραδε
819 429 938 492 πότνια
960 429 1089 513 Κίρκη(

172 522 216 605 ὧς
239 527 385 614 ἐφάμην,
407 541 515 596 τοῖσιν
539 528 569 595 δ’
595 529 787 597 ἐπεπείθετο
809 534 918 616 θυμὸς
941 533 1083 618 ἀγήνωρ.
1129 551 1182 599 550

216 631 295 700 οὐδὲ
318 632 379 720 μὲν
402 633 475 702 οὐδ’
506 638 606 701 ἐνθεν
633 659 694 722 περ
723 637 893 722 ἀπήμονας
914 633 999 722 ήγον
1021 637 1181 724 ἑταίρους.

169 736 339 824 Ἐλπήνωρ
363 739 402 805 δέ
422 763 472 818 τις
494 743 567 806 ἐσκε
593 743 771 827 νεώτατος,
794 744 870 809 οὔτε
891 767 924 808 τι
946 749 1022 829 λίην

171 845 308 932 άλκιμος
330 844 367 911 ἐν
388 845 520 935 πολέμςο
544 847 620 912 οὔτε
643 847 765 932 φρεσὶν
786 840 865 935 ᾗσιν
887 849 1031 935 ἀρηρώς·

172 951 209 1027 ὅς
230 974 287 1036 μοι
310 945 427 1016 ἄνευθ’
454 951 579 1037 ἑτάρων
603 952 705 1037 ίεροίς
727 953 764 1018 ἐν
787 955 915 1039 δώμασι
938 959 1079 1042 Κίρκης,

170 1058 293 1142 ψύχεος
316 1058 466 1143 ἱμείρων,
489 1057 681 1139 κατελέξατο
705 1062 932 1146 οίνοβαρείων.
1129 1081 1181 1130 555

171 1162 357 1248 κινυμένων
380 1163 411 1229 δ’
438 1163 565 1249 ἑτάρων
588 1165 716 1248 ὅμαδον
737 1164 792 1231 καὶ
815 1168 945 1233 δοῦπον
966 1167 1111 1246 ἀκούσας

171 1269 324 1354 ἐξαπίνης
347 1268 509 1355 ἀνόρουσε
537 1268 592 1336 καὶ
615 1270 774 1336 ἐκλάθετο
797 1270 918 1357 φρεσὶν
941 1265 1019 1359 ᾖσιν

171 1377 321 1461 ἄψορρον
343 1380 523 1460 καταβῆναι
548 1377 608 1441 ίὼν
632 1376 666 1452 ές
687 1379 828 1460 κλίμακα
851 1382 994 1464 μακρήν,

171 1481 254 1546 ἀλλὰ
276 1485 474 1567 καταντικρὺ
497 1480 608 1564 τέγεος
630 1480 744 1548 πέσεν·
767 1483 803 1548 ἐκ
826 1482 865 1549 δέ
886 1484 922 1550 οί
942 1485 1048 1568 αὐχήν

171 1586 387 1672 ἀστραγάλων
409 1587 488 1671 ἐάγη
495 1635 504 1670 ,
527 1589 617 1672 ψυχή
641 1586 672 1653 δ’
696 1586 845 1654 Ἀιδόσδε
868 1595 1042 1674 κατῆλθεν.
1129 1610 1182 1658 560

215 1693 422 1779 ἐρχομένοισι
445 1689 482 1758 δέ
503 1704 613 1758 τοῖσιν
635 1693 699 1776 ἐγὼ
723 1695 804 1777 μετὰ
826 1701 939 1778 μῦθον
962 1700 1086 1762 ἔειπον·

171 1800 294 1884 ,φάσθε
316 1801 360 1864 νό
382 1821 448 1865 που
471 1801 602 1866 οίκόνδε
626 1803 729 1884 φίλην
752 1800 785 1877 ἐς
806 1802 949 1886 πατρίδα
971 1813 1070 1884 γαῖαν

172 1902 315 1991 ἔρχεσθ’·
338 1907 442 1989 ἀλλην
465 1903 496 1971 δ’
522 1900 603 1988 ήμιν
625 1904 706 1970 όδὸν
728 1909 910 1991 τεκμήρατο
933 1910 1055 1993 Κίρκη,

172 2014 218 2088 είς
237 2008 348 2076 Ἀίδαο
372 2013 500 2095 δόμους
518 2008 573 2076 καὶ
597 2009 732 2094 ἐπαινῆς
756 2015 1017 2097 Περσεφονείης,

171 2126 259 2202 ψυχή
283 2116 508 2201 χρησομένους
532 2119 682 2200 Θηβαίου
710 2119 902 2201 Τειρεσίαο(
1128 2138 1181 2187 565

216 2218 260 2300 ὧς
283 2223 428 2307 ἐφάμην,
446 2229 559 2286 τοῖσιν
582 2217 618 2286 δὲ
641 2223 848 2306 κατεκλάσθη
872 2226 974 2307 φίλον
996 2218 1092 2311 ἦτορ·

171 2327 317 2412 ἑζόμενοι
340 2324 377 2393 δὲ
399 2325 469 2392 κατ’
496 2322 579 2392 αὖθι
601 2330 691 2409 γόων
713 2330 865 2393 τίλλοντό
886 2352 922 2393 τε
944 2332 1069 2412 χαίτας·

172 2432 243 2500 ἀλλ’
270 2433 311 2499 οὐ
333 2434 397 2519 γάρ
419 2457 468 2511 τις
490 2433 606 2516 πρῆξις
630 2433 777 2516 ἐγίγνετο
801 2433 1047 2518 μυρομένοισιν.

216 2537 287 2605 ἀλλ’
315 2541 368 2605 ὅτε
392 2540 434 2623 δή
458 2537 489 2626 ῥ’
516 2537 570 2606 ἐπὶ
592 2548 657 2624 νῆα
679 2540 769 2623 θοήν
790 2537 846 2604 καὶ
868 2545 951 2605 θῖνα
973 2543 1146 2625 θαλάσσης

171 2645 274 2732 ᾔομεν
298 2645 476 2730 ἀχνύμενοι
498 2646 646 2731 θαλερὸν
668 2646 750 2710 κατὰ
773 2645 879 2729 δάκρυ
902 2643 1046 2730 χέοντες,
1127 2667 1181 2716 570

171 2756 279 2837 τόφρα
302 2750 332 2817 δ’
359 2749 411 2836 ἀρ’
439 2749 593 2836 οίχομένη
616 2755 724 2836 Κίρκη
747 2753 836 2837 παρά
857 2749 914 2834 νηὶ
936 2757 1074 2838 μελαίνῃ

172 2858 305 2945 ἀρνειὸν
327 2856 506 2941 κατέδησεν
529 2857 582 2921 όιν
604 2858 715 2940 θήλόν
737 2880 772 2921 τε
794 2855 968 2940 μέλαιναν,

172 2965 244 3051 ῥεῖα
267 2962 531 3047 παρεξελθοῦσα·
553 2965 602 3039 τίς
625 2961 667 3027 ἀν
688 2962 772 3027 θεὸν
795 2961 857 3026 οὐκ
879 2960 1039 3029 ἐθέλοντα

172 3071 400 3155 ὀφθαλμοῖσιν
423 3067 519 3134 ίδοιτ’
546 3067 566 3151 ή
590 3065 664 3134 ἐνθ’
690 3066 711 3150 ή
734 3070 819 3132 ἔνθα
841 3069 969 3147 κιόντας

569 3315 782 3326 -2—--
