2642 3917
188 225 231 288 82
561 229 768 281 omnum:
786 231 818 283 Ε.

186 375 291 435 εἴκοσι
314 365 345 435 δ’
372 373 487 455 ἔκβαλε
509 373 631 454 πάντα,
655 371 854 455 πελέκκησεν
877 367 908 438 δ’
935 375 998 459 ἄρα
1020 380 1145 464 χαλκῷ,

187 473 278 552 ξέσσε
302 471 333 541 δ’
358 477 578 562 ἐπισταμένως
600 475 656 542 καὶ
678 476 732 543 ἐπὶ
755 479 908 563 στάθμην
931 485 1059 546 δθυνεν.
1145 497 1196 546 245

185 583 294 667 τόφρα
317 577 349 647 δ’
374 586 478 648 ἐνεικε
500 582 635 668 τέρετρα
657 584 807 661 Καλυψὼ
831 585 888 650 δία
909 585 1037 651 θεάων·

185 685 341 772 τέτρηνεν
364 683 395 755 δ’
421 690 486 774 ἄρα
507 689 614 755 πάντα
636 687 693 754 καὶ
714 690 861 774 ήρμοσεν
884 690 1093 775 ἀλλήλοισιν,

186 797 366 879 γόμφοισιν
390 787 421 858 δ’
447 796 511 881 άρα
533 797 595 878 τήν
617 818 653 877 γε
677 794 732 860 καί
755 795 954 881 ἁρμονίῃσιν
977 799 1128 883 ἄρασσεν.

186 899 288 965 ὅσσον
310 903 360 977 τίς
382 894 412 965 τ’
437 902 562 985 ἔδαφος
583 902 664 985 νηὸς
685 903 886 986 τορνώσεται
908 902 993 988 ἀνὴρ

185 1007 345 1091 φορτίδος
367 1005 512 1092 εὐρείης,
536 1006 574 1072 ἐὺ
596 1008 693 1083 εἰδὼς
714 1008 960 1092 τεκτοσυνάων,
1143 1027 1195 1075 εοο

184 1114 307 1178 τόσσον
330 1106 380 1177 ἔπ’
406 1111 538 1198 εὐρεῖαν
562 1114 697 1196 σχεδίην
719 1107 871 1195 ποιήσατ’
895 1108 1079 1192 Ὀδυσσεύς.

185 1224 274 1303 ἴκρια
297 1213 334 1283 δέ
357 1221 493 1302 στήσας,
518 1218 651 1304 ἀραρὼν
674 1217 797 1302 θαμέσι
820 1223 1047 1304 σταμίνεσσιν,

184 1327 285 1389 ποίει·
308 1323 390 1409 άτὰρ
413 1333 577 1410 μακρῇσιν
600 1324 847 1407 ἐπηγκενίδεσσι
869 1324 1012 1390 τελεύτα.

185 1429 221 1495 ἐν
245 1424 275 1494 δ’
303 1429 395 1495 ίστὸν
417 1433 505 1495 ποίει
527 1428 582 1498 καὶ
605 1430 754 1515 ἐπίκριον
777 1431 922 1515 άρμενον
944 1431 1048 1520 αὐτῷ·

184 1537 265 1622 πρὸς
289 1530 319 1600 δ’
346 1536 410 1621 άρα
427 1537 592 1619 πηδάλιον
614 1539 791 1619 ποιήσατο,
815 1531 892 1621 ὄφρ’
919 1538 1042 1602 ίθύνοι.
1142 1556 1193 1604 εεο

183 1640 288 1726 φράξε
312 1640 351 1706 δέ
372 1665 431 1725 μιν
454 1641 584 1726 ῥίπεσσι
608 1638 784 1726 διαμπερές
806 1644 996 1727 οἰσυίνησιν

183 1747 326 1829 κύματος
349 1742 441 1831 εἶλαρ
460 1749 550 1831 ἐμεν·
573 1748 701 1831 πολλήν
724 1743 755 1812 δ’
781 1747 955 1832 ἐπεχεύατο
978 1749 1073 1834 ὕλην.

182 1855 290 1937 τόφρα
310 1848 346 1917 δδ
369 1847 465 1939 φάρε’
491 1856 593 1919 ε’νεικε
617 1855 765 1931 Καλυψὼ
789 1855 845 1918 δῖα
866 1856 981 1920 θεάων

184 1960 276 2050 ίστίοη
294 1962 513 2042 ποιήσασθαι·
536 1959 554 2025 δ
577 1954 609 2025 δ’
635 1954 674 2024 εὖ
695 1961 875 2043 τεχνήσατο
897 1959 953 2025 καλ
971 1961 1020 2026 τά.

183 2057 264 2130 ἐνθ’
282 2063 406 2149 ὑπέρας
420 2089 455 2130 τε
469 2067 590 2142 κάλους
603 2088 638 2130 τε
652 2066 757 2141 πόδας
770 2059 799 2128 τ’
816 2064 971 2149 ἐνέδησεν
985 2065 1022 2132 ἐν
1032 2067 1125 2151 αὐτῇ,
1141 2084 1193 2134 260

182 2175 354 2256 μοχλοῖσιν
378 2166 411 2236 δ’
436 2173 499 2256 ἄρα
522 2174 583 2255 τήν
605 2194 642 2253 γε
665 2174 858 2255 κατείρυσεν
880 2173 928 2249 είς
950 2172 1013 2236 ἅλα
1036 2173 1121 2237 δίαν.

225 2276 382 2362 τέτρατον
404 2273 491 2361 ήμαρ
514 2279 587 2361 ἔην,
610 2273 732 2364 καὶτῷ
755 2273 922 2341 τετέλεστο
945 2277 1085 2343 ἅπαντα·

182 2390 226 2470 τῳ
251 2377 284 2447 δ’
308 2383 372 2466 άρα
395 2381 528 2471 πέμπτῳ
551 2376 649 2465 πέμπ’
677 2381 740 2446 άπὸ
762 2384 869 2463 νήσου
893 2383 948 2446 δῖα
971 2385 1119 2460 Καλυψὼ

182 2489 297 2572 εἵματά
319 2483 348 2552 τ’
375 2487 563 2573 ἀμφιέσασα
585 2488 722 2553 θυώδεα
743 2486 799 2553 καὶ
822 2489 979 2553 λούσασα.

182 2593 219 2659 ἐν
242 2593 281 2660 δέ
301 2595 338 2660 οί
358 2593 459 2660 άσκδν
482 2596 582 2677 ἔθηκε
604 2595 670 2658 θεὰ
692 2592 832 2676 μέλανος
855 2599 961 2659 οίνοιο
1139 2612 1191 2662 νεσ

181 2703 240 2768 τὸν
263 2699 391 2786 ἕτερον,
414 2700 529 2785 ἕτερον
553 2693 585 2765 δ’
610 2699 733 2776 ὕδατος
755 2697 873 2784 μέγαν,
897 2699 934 2764 ἐν
957 2697 994 2766 δέ
1016 2699 1072 2766 καὶ
1094 2692 1137 2786 ήα

180 2807 333 2895 κωρύκῳ·
356 2805 393 2871 ἐν
416 2805 455 2871 δέ
476 2807 512 2871 οί
532 2807 598 2883 δήια
619 2809 708 2871 τίθει
730 2804 899 2888 μενοεικέα
921 2807 1035 2870 πολλά.

181 2907 286 2998 οὖρον
308 2908 345 2977 δδ
367 2912 529 2998 προέηκεν
552 2912 705 2995 ἀπήμονά
726 2934 761 2976 τε
785 2913 902 2996 λιαρόν
923 2932 973 2977 τε·

180 3021 371 3102 γηθόσυνος
394 3013 429 3082 δ’
454 3019 544 3105 οὔρῳ
567 3012 681 3082 τέτατ’
708 3016 795 3081 ίστία
819 3018 890 3093 δῖος
909 3011 1092 3096 Ὀδυσσεύς.

182 3124 285 3209 αὐτὰρ
309 3123 326 3189 ὁ
349 3125 499 3211 πηδαλίῳ
524 3123 659 3188 ἰθύνετο
682 3120 882 3206 τεχνηέντως
1138 3139 1191 3188 270
1306 3140 1307 3181 3

181 3230 316 3313 ήμενος,
339 3228 422 3294 οὐδέ
442 3229 478 3294 οί
496 3229 601 3305 ὕπνος
624 3226 678 3293 ἐπὶ
700 3229 920 3313 βλεφάροισιν
943 3231 1076 3294 ἔπιπτεν

183 3336 353 3418 Πληιάδας
374 3329 403 3399 τ’
429 3333 588 3418 ἐσορῶντι
610 3331 666 3398 καὶ
688 3329 750 3411 ὀψὲ
772 3334 897 3398 δύοντα
920 3333 1059 3415 Βοώτην

182 3441 303 3527 άρκτον
324 3436 375 3523 θ’,
396 3439 440 3558 ἣν
462 3437 518 3504 καὶ
541 3437 668 3522 ἅμαξαν
691 3437 861 3521 ἐπίκλησιν
883 3437 1075 3521 καλέουσιν,

182 3546 202 3629 ή
225 3541 253 3610 τ’
280 3545 385 3611 αὐτοῦ
407 3544 581 3632 στρέφεται
604 3547 663 3609 καί
681 3539 712 3609 τ’
735 3539 876 3630 Ὠρίωνα
899 3544 1044 3626 δοκεύει,

1311 2034 1315 2081 λ
