2642 3917
497 181 705 232 οΔνΣΣεΙΑΣ
724 185 756 235 x.
1070 183 1132 245 155

123 317 179 384 καὶ
200 318 267 384 τότ’
293 320 379 404 έχὼν
401 321 481 406 ἐμὸν
503 325 598 408 ἔγχος
620 322 706 388 ἑλὼν
727 323 783 390 καὶ
805 325 980 409 φάσγανον
999 325 1058 406 ὀξὺ
1083 343 1132 390 145

124 430 335 512 καρπαλίμως
356 430 445 514 παρὰ
467 429 547 512 νηὸς
570 427 689 514 ἀνήιον
711 429 745 506 ἐς
767 429 951 516 περιωπήν,

124 539 158 597 εί
175 553 244 610 πως
267 535 346 619 ἔργα
369 536 474 617 ίδοιμι
496 538 625 621 βροτῶν
648 534 772 620 ἐνοπήν
794 530 829 602 τε
851 539 1032 622 πυθοίμην.

124 641 221 722 ἔστην
244 635 281 704 δὲ
304 641 444 723 σκοπιήν
467 640 501 718 ἐς
522 627 770 707 παιπαλόεσσαν
792 641 960 726 ἀνελθών,

123 747 181 808 καί
200 768 256 828 μοι
280 744 405 812 ἐείσατο
429 748 555 824 καπνὸς
576 747 639 812 ἀπὸ
662 749 786 833 χθονὸς
808 748 1017 835 εὐρυοδείης,

124 853 249 935 Κίρκης
271 851 308 917 έν
331 853 519 939 μεγάροισι,
542 855 598 918 διδ
622 855 731 940 δρυμά
753 855 861 919 πυκνὰ
883 853 940 919 καὶ
962 854 1056 938 ὕλην.
1081 872 1132 921 110

123 956 303 1044 μερμήριξα
327 955 358 1023 δ’
384 961 494 1024 ἔπειτα
515 961 597 1025 κατὰ
620 959 727 1045 φρένα
748 959 804 1025 καὶ
827 961 909 1025 κατδι
931 962 1044 1045 θυμὸν

124 1062 237 1129 ἐλθεῖν
259 1061 318 1148 ήδὲ
340 1065 526 1149 πυθέσθαι,
550 1064 619 1131 ἐπεὶ
644 1067 719 1138 ίδον
742 1072 868 1131 αῖθοπα
890 1071 1026 1132 καπνόν.

124 1165 188 1235 ὧδε
213 1169 252 1235 δέ
272 1195 328 1254 μοι
352 1171 529 1258 φρονέοντι
553 1173 717 1237 δοάσσατο
741 1171 874 1257 κέρδιον
897 1166 998 1255 εἶναι,

123 1273 224 1360 πρῶτ’
252 1275 383 1342 ἐλθόντ’
411 1277 463 1343 ἐπλ
485 1286 550 1362 νῆα
573 1279 662 1361 θοήν
684 1277 739 1343 καὶ
762 1284 844 1343 θῖνα
866 1279 1039 1361 θαλάσσης

124 1384 260 1447 δεῖπνον
283 1381 462 1470 ἑταίροισιν
485 1386 622 1468 δόμεναι
644 1383 787 1470 προέμεν
809 1407 844 1448 τε
867 1384 1047 1450 πυθέσθαι.
1083 1401 1132 1450 155

124 1486 194 1552 ἀλλ’
221 1488 274 1554 ὅτε
298 1490 339 1572 δή
364 1491 482 1574 σχεδὸν
505 1485 548 1573 ήα
570 1491 652 1555 κιὼν
674 1492 749 1568 νεδς
772 1489 1004 1574 ἀμφιελίσσης,

123 1592 177 1659 καλ
199 1596 272 1660 τότε
294 1598 343 1673 τίς
365 1619 404 1680 με
426 1602 518 1661 θεῶν
540 1596 729 1682 ὀλοφύρατο
752 1604 880 1679 μοῦνον
903 1595 1013 1680 ἐόντα,

123 1700 159 1777 ὅς
183 1700 224 1786 ῥά
247 1725 303 1786 μοι
325 1701 492 1787 ὑψίκερων
515 1705 640 1786 ἔλαφον
663 1701 767 1786 μέγαν
789 1705 837 1779 είς
859 1702 941 1768 ὁδὸν
963 1703 1067 1786 αὐτὴν

122 1801 210 1889 ήκεν.
256 1806 275 1873 δ
297 1805 358 1893 μέν
380 1810 566 1892 ποταμόνδε
588 1807 722 1893 κατήιεν
745 1807 782 1873 ἐκ
803 1817 909 1892 νομοῦ
932 1809 1014 1890 ὕλης

122 1917 291 1998 πιόμενος·
315 1915 356 1997 δὴ
379 1916 443 2000 γάρ
466 1939 524 1999 μιν
547 1917 619 1998 ἔχεν
642 1913 742 1998 μένος
763 1914 903 1996 ήελίοιο·
1083 1933 1133 1982 160

123 2021 181 2085 τὸν
205 2019 235 2086 δ’
263 2019 326 2104 ἐχδι
350 2019 545 2104 ἐκβαίνοντα
567 2018 638 2085 κατ’
665 2022 823 2103 ἄκνηστιν
846 2019 929 2104 μέσα
951 2032 1040 2085 νῶτα

123 2127 241 2210 πλῆξα·
264 2129 300 2192 τὸ
325 2125 355 2191 δ’
382 2126 519 2212 ἀντικρὺ
543 2128 626 2212 δόρυ
648 2127 789 2211 χάλκεον
812 2125 1022 2211 ἐξεπέρησεν,

123 2233 186 2297 κάδ
209 2228 240 2298 δ’
265 2226 355 2298 ἔπεσ’
381 2231 417 2297 ἐν
439 2235 570 2317 κονίησι
588 2232 717 2316 χωικών,
742 2231 804 2297 ἀπὸ
826 2227 857 2296 δ’
879 2235 996 2297 ἔπτατο
1015 2235 1132 2316 θυμός.

123 2347 167 2427 τῷ
192 2334 223 2404 δ’
248 2337 311 2422 ἐγὼ
335 2338 500 2424 ἐμβαίνων
523 2339 606 2425 δόρυ
629 2341 769 2423 χάλκεον
792 2339 825 2419 ἐξ
849 2339 984 2422 ὠτειλῆς

124 2445 319 2530 είρυσάμην·
341 2446 378 2510 τὸ
402 2441 463 2528 μὲν
486 2439 569 2509 αὖθι
591 2443 788 2522 κατακλίνας
810 2444 863 2511 ἐπὶ
885 2448 963 2530 γαίη
1082 2464 1132 2511 165

124 2549 223 2616 είασ’·
246 2550 350 2635 αὐτάρ
373 2551 437 2634 ἐγὼ
461 2551 636 2635 σπασάμην
659 2551 770 2635 ῥῶπάς
792 2574 827 2615 τε
850 2551 973 2634 λύγους
995 2575 1044 2635 τε,

123 2667 243 2741 πεῖσμα
267 2654 312 2740 δ’,
336 2656 417 2722 ὅσον
439 2653 468 2720 τ’
495 2657 649 2741 ὄργυιαν,
673 2653 850 2742 ἐυστρεφὲς
872 2656 1111 2742 ἀμφοτέρωθεν

123 2763 322 2847 πλεξάμενος
344 2759 511 2844 συνέδησα
533 2762 637 2838 πόδας
661 2765 785 2828 δεινοῖο
808 2763 975 2848 πελώρου,

19 2935 22 2940 ,
123 2872 187 2951 βῆν
210 2863 247 2933 δὲ
269 2868 513 2951 καταλοφάδεια
536 2867 648 2952 φέρων
672 2866 724 2933 ἐπλ
746 2877 810 2951 νῆα
833 2868 991 2953 μέλαιναν

124 2977 209 3058 ἔγχει
233 2972 454 3059 ἐρειδόμενος,
478 2971 547 3038 ἐπεὶ
571 2973 612 3038 οὔ
634 2996 703 3050 πως
725 2970 785 3057 ήεν
808 2973 858 3040 ἐπ’
885 2977 978 3060 ὤμου
1084 2993 1133 3040 170

123 3078 208 3166 χειρλ
231 3078 346 3165 φέρειν
369 3076 475 3165 ἑτέρη·
498 3081 585 3163 μάλα
607 3080 671 3165 γάρ
694 3078 776 3163 μέγα
797 3085 922 3167 θηρίον
944 3077 1012 3163 ήεν.

124 3187 187 3250 κάδ
210 3179 240 3250 δ’
266 3187 386 3267 ἔβαλον
409 3185 615 3270 προπάροιθε
638 3188 728 3267 νεός,
751 3185 903 3272 άνέχειρα
927 3182 957 3252 δ’
984 3185 1134 3272 ἑταίρους

125 3294 295 3376 μειλιχίοις
318 3289 447 3356 ἐπέεσσι
469 3293 681 3377 παρασταδὸν
704 3293 811 3379 ἀνδρα
834 3291 986 3358 ἕκαστον·

126 3393 162 3480 ,ὦ
186 3400 293 3482 φίλοι,
318 3397 359 3462 οὐ
382 3397 445 3483 γάρ
468 3419 518 3462 πω
542 3393 786 3483 καταδυσόμεθ’
812 3398 995 3483 ἀχνύμενοί
1013 3421 1074 3480 περ

125 3505 172 3580 είς
190 3501 301 3569 Ἀίδαο
325 3504 463 3587 δόμους,
486 3501 566 3587 πρὶν
588 3507 752 3588 μόρσιμον
774 3498 861 3588 ήμαρ
885 3503 1022 3589 ἐπέλθη·
1083 3522 1131 3569 175
