2642 3917
178 176 241 232 XVI
579 179 780 234 SUMMARIA.

637 340 717 405 XIII

242 434 391 493 Eum-rato
420 454 517 493 errore
545 453 599 494 suo
626 434 728 493 Ulixes
756 454 774 493 a
805 436 985 512 primoribus
1014 434 1183 493 Phaeacum

177 541 255 581 nova
281 541 405 581 munera
432 522 553 601 accipit,
581 541 658 599 quae
686 525 804 599 postero
832 543 918 583 mane
946 524 978 582 in
1004 542 1111 582 navem
1138 522 1182 581 in·

177 612 322 669 structam
349 613 578 686 comportantur
605 603 757 692 (1—23);
786 631 898 687 perque
927 612 1078 687 reliquum
1105 611 1182 669 diem

177 696 320 758 sacrificio
344 702 374 757 et
396 698 493 775 epulis
521 698 673 758 adhibitus
700 700 886 776 compellatis
913 699 1097 777 principibus
1124 699 1182 757 dis-

177 785 257 846 cedit
292 788 323 845 et
355 786 542 862 quietissima
573 788 766 865 navigatione
798 788 829 847 iu
860 788 996 848 Ithacam
1027 787 1183 847 devehitur

178 866 347 955 (24—95).
392 873 440 932 Ibi
466 894 535 935 cum
565 879 687 951 portum
714 859 876 952 Phorcyuis
907 878 939 936 in
966 876 1077 937 vicinia
1103 876 1183 935 autri

177 962 386 1039 Nympharum
416 963 605 1024 intraverunt
635 965 774 1042 remiges,
807 965 1002 1025 dormientem
1031 967 1183 1040 exponunt

178 1051 209 1109 in
231 1050 332 1128 litore;
354 1070 461 1110 navem
483 1055 585 1111 autem
602 1056 783 1111 remeantem
799 1054 832 1111 in
855 1072 960 1112 saxum
981 1055 1081 1111 mutat
1103 1052 1182 1127 Nep·

178 1143 284 1216 turine,
310 1140 448 1215 placatus
476 1160 542 1199 eam
569 1142 606 1200 ob
637 1160 701 1199 rem
730 1161 749 1199 a
775 1142 960 1200 Phaeacibus
991 1135 1182 1222 (ac—187).

178 1227 220 1286 At
251 1231 438 1304 experrectus
469 1228 570 1287 Ulixes
606 1228 737 1306 primum
771 1230 891 1307 ignorat
926 1230 1056 1288 insulam
1088 1248 1182 1307 suam,

179 1316 289 1392 quippe
307 1316 418 1375 nebula
434 1316 549 1376 cinctus
567 1317 691 1376 consilio
708 1318 867 1397 Minervae,
891 1336 959 1377 cum
978 1337 1039 1394 qua
1056 1317 1184 1393 speciem

179 1404 377 1463 adulescentis
395 1404 502 1463 induta
520 1423 668 1465 sermones
687 1407 801 1465 confert
818 1407 960 1466 ementito
979 1405 1111 1485 nomine,
1133 1425 1183 1465 ne-

179 1512 237 1569 que
265 1492 338 1552 adeo
361 1491 483 1551 edoctus
506 1493 559 1551 ubi
582 1494 622 1551 sit
644 1512 679 1552 ac
702 1494 788 1553 deam
809 1497 996 1569 praesentem
1023 1496 1183 1554 veneratus

179 1584 266 1641 caute
285 1600 372 1658 agere
391 1581 501 1639 desinit
519 1572 738 1662 (iss-351),
756 1601 833 1659 mox,
852 1585 1015 1659 postquam
1033 1583 1183 1641 dilabente

178 1669 257 1729 nube
283 1668 430 1728 redditam
452 1670 583 1746 patriam
610 1670 770 1746 salutavit,
794 1670 929 1729 Minerva
951 1671 1016 1729 eius
1038 1671 1117 1730 hona
1138 1689 1183 1729 re-

178 1758 279 1819 condit
296 1758 328 1816 in
347 1760 468 1816 antrum
489 1758 647 1834 ipsumque
667 1761 737 1817 ante
756 1758 856 1817 omnia
878 1759 917 1817 ad
939 1759 1059 1818 caedem
1081 1778 1183 1834 proco·

177 1867 246 1906 rum
267 1847 407 1906 hortatur
429 1849 467 1924 et,
490 1866 527 1905 ne
546 1849 729 1924 agnoscatur
747 1847 784 1905 ab
802 1847 944 1924 Eumacc,
968 1846 1112 1923 magistro
1136 1865 1184 1904 su·

178 1937 342 2013 bulcorum,
360 1935 499 2010 notisque
514 1935 628 2012 ceteris,
647 1935 680 1993 in
693 1953 793 1993 senem
807 1936 976 1993 mendicum
989 1935 1184 1994 transformat

179 2015 393 2105 (sss-440).

640 2104 726 2171 XIV.

245 2200 393 2259 Simulato
415 2200 527 2275 hospiti
550 2200 581 2259 in
604 2218 704 2259 casam
725 2198 898 2259 introducto
916 2200 1082 2277 Eumaeus,
1105 2198 1185 2258 fidis-

178 2290 271 2348 simus
299 2307 452 2348 servorum
478 2306 651 2364 semperque
679 2307 793 2347 memor
821 2289 947 2365 domini,
977 2307 1095 2347 carnem
1117 2308 1185 2363 por·

178 2377 317 2437 cellinam
348 2395 416 2435 cum
447 2376 517 2435 vinc
550 2376 676 2453 apponit
710 2368 879 2458 (1-110).
930 2375 1078 2436 oriuntur
1108 2378 1187 2434 inter

179 2483 229 2525 eos
251 2465 327 2524 varii
355 2482 503 2523 sermones
530 2463 566 2524 de
589 2464 676 2523 Ulixe
698 2465 782 2524 velut
805 2465 939 2542 absente,
968 2484 1057 2540 quem
1079 2465 1111 2522 in
1133 2483 1185 2540 pa·

179 2553 269 2613 triam
292 2571 481 2613 reversurum
503 2570 566 2611 esse
589 2572 626 2611 ne
649 2554 748 2612 iurato
773 2552 895 2628 quidem
913 2552 1007 2612 credit
1024 2553 1186 2630 Eumaeus,

180 2662 233 2702 nec
255 2641 375 2700 dubitat
398 2641 471 2717 quin
499 2641 591 2699 etiam
615 2641 809 2700 Telemachus
837 2642 869 2698 in
898 2641 1005 2699 itinere
1028 2660 1187 2716 procorum

180 2730 295 2789 insidiis
319 2731 432 2789 occisus
456 2730 495 2788 sit
519 2721 733 2809 (nr-184).
780 2729 928 2805 Deinceps
951 2728 1019 2804 quis
1042 2732 1120 2787 esset
1142 2729 1186 2785 in·

181 2821 350 2895 terrogatus
372 2818 475 2877 Ulixes
497 2818 619 2895 longam
642 2818 749 2877 seriem
770 2817 943 2876 fabularum
966 2816 1065 2894 fingIt,
1094 2820 1186 2875 testa-

181 2911 231 2965 tus
255 2906 344 2965 simul
367 2924 398 2965 se
421 2906 503 2982 apud
520 2906 701 2982 Thesprotos
724 2906 759 2964 de
782 2906 877 2982 ipsius
900 2905 1068 2981 propinquo
1087 2905 1188 2964 reditu

182 2995 331 3055 audivisse
355 2988 574 3076 (185-359):
597 3014 703 3053 verum
721 2994 781 3073 ille,
799 2993 889 3052 nimis
906 2993 1087 3071 incredulus,
1107 2994 1187 3052 obla-

181 3087 245 3143 tam
268 3083 303 3141 de
327 3102 362 3141 ea
386 3102 418 3141 re
446 3082 634 3159 sponsionem
662 3083 769 3141 abnuit
792 3073 1005 3164 (sco-408).
1051 3081 1188 3157 Denique

182 3171 280 3231 cenati
308 3171 394 3229 ambo
421 3189 489 3229 cum
515 3170 640 3246 reliquis
670 3170 802 3229 subulcis
826 3163 1030 3251 (Ios—456)
1054 3170 1189 3229 cubitum

181 3260 336 3319 discedunt
368 3256 478 3335 frigida
508 3261 609 3335 nocte,
643 3278 704 3335 qua
730 3259 845 3337 Ulixes,
877 3258 982 3335 priscis
1013 3258 1189 3336 ambagibus

182 3348 324 3408 sermonis
361 3364 448 3423 usus,
485 3348 602 3422 corpori
638 3348 766 3425 tegendo
802 3348 921 3406 laenam
957 3347 1076 3422 quaerit
1113 3347 1188 3406 acci-

181 3438 286 3513 pitque
310 3435 346 3494 ab
369 3435 517 3513 Eumaec,
541 3437 594 3510 qui
617 3456 685 3495 mox
709 3436 746 3494 ad
769 3454 859 3515 suum
882 3435 1050 3494 custodiam
1077 3436 1189 3513 egredi-

182 3530 233 3585 tur
256 3515 471 3607 (cer-533).
