2642 3917
201 184 263 246 114
575 183 784 236 ΟΔΤΣΣΕΙΑΣ
803 181 837 233 Θ.

196 329 412 410 Δημόδοκον·
435 334 481 413 τῷ
504 327 567 411 γάρ
592 325 634 410 βα
656 326 737 402 θεὸς
758 323 834 409 πέρι
857 325 963 388 δῶκεν
986 322 1104 405 ἀοιδήν

196 431 343 518 τέρπειν,
367 432 454 517 ὅππη
477 433 587 516 θυμὸς
610 431 832 516 ἐποτρύνῃσιν
855 429 1010 495 ἀείδειν.“
1177 444 1212 492 45

241 533 286 615 ὧς
310 539 373 624 ἀρα
396 539 555 622 φωνήσας
575 536 739 621 ήγήσατο,
762 533 813 601 τοῖ
836 529 869 600 δ’
894 529 950 617 ἀμ’
976 533 1094 599 ἕποντο

198 653 411 728 σκηπτοῦχοι·
433 643 537 727 κῆρυξ
560 639 597 708 δέ
620 642 781 730 μετῴχετο
804 648 902 706 θεῖον
926 640 1051 705 ἀοιδόν.

196 749 307 835 κούρω
331 745 368 814 δὲ
390 747 565 834 κρινθέντε
589 748 658 813 δύω
682 745 736 813 καῖ
759 749 964 830 πεντήκοντα

196 857 316 938 βήτην,
340 855 384 930 ὡς
407 848 565 936 ἐκέλευσ’,
588 852 641 919 ἐπὶ
664 848 735 919 θῖν’
762 853 840 930 ἁλὸς
862 850 1063 937 ἀτρυγέτοιο.

197 960 301 1045 αὐτὰρ
324 958 397 1025 ἐπεί
416 953 447 1044 β’
473 958 526 1025 ἐπὶ
547 968 612 1042 νῆα
634 962 827 1043 κατήλυθον
848 955 908 1041 ῆδδ
929 960 1120 1038 θάλασσαν,
1177 973 1212 1021 σο

196 1073 261 1148 νῆα
283 1061 345 1150 μὲν
367 1066 459 1148 οἵγε
482 1064 641 1150 μέλαιναν
664 1065 743 1142 ἀλὸς
765 1064 929 1148 βένθοσδε
952 1067 1112 1149 ἔρυσσαν,

197 1170 234 1237 ἐν
257 1166 289 1236 δ’
315 1172 407 1237 ίστόν
429 1166 464 1236 τ’
487 1170 636 1238 ἐτίθεντο
659 1170 715 1237 καὶ
738 1173 825 1237 ίστία
847 1169 903 1255 νηῖ
926 1172 1080 1255 μελαίνῃ,

197 1277 383 1361 ήρτύναντο
406 1273 437 1343 δ’
464 1277 581 1363 ἐρετμὰ
602 1289 738 1361 τροποῖς
760 1276 798 1342 ἐν
819 1278 1080 1361 δερματίνοισιν,

199 1383 318 1462 [πάντα
340 1385 423 1448 κατὰ
445 1394 581 1469 μοῖραν,
605 1383 669 1448 ἀνά
690 1378 728 1449 θ’
755 1384 842 1448 ίστία
865 1384 966 1448 λευκὰ
988 1380 1178 1460 πέτασσαν]

196 1487 286 1564 ὑψοῦ
310 1483 340 1553 δ’
366 1489 403 1554 ἐν
424 1493 523 1578 νοτίφ
547 1493 609 1573 τήν
630 1484 664 1573 γ’
689 1490 852 1574 ὥρμισαν·
875 1489 979 1573 αὐτὰρ
1002 1490 1112 1552 ἔπειτα
1175 1503 1209 1550 ⁶5

197 1594 262 1676 βύν
284 1588 316 1678 β’
342 1600 416 1680 ἴμεν
436 1589 617 1661 Ἀλκινόοιο
642 1596 825 1681 δαΐφρονος
849 1594 881 1672 ἐς
905 1594 987 1678 μέγα
1010 1595 1112 1676 δῶμα.

196 1703 321 1782 πλῆντο
341 1695 371 1764 δ’
394 1694 447 1787 ἄρ’
469 1703 632 1766 αἴθουσαί
646 1723 682 1765 τε
700 1699 756 1765 καῖ
774 1699 870 1785 ἕρκεα
888 1698 944 1765 καῖ
964 1700 1061 1783 δόμοι
1075 1696 1210 1781 ἀνδρῶν

198 1804 419 1890 [ἀγρομένων
442 1804 560 1871 πολλοὶ
583 1801 614 1870 δ’
641 1799 695 1891 ἀρ’
722 1808 817 1890 ἔσαν,
840 1803 912 1871 νέοι
935 1800 994 1887 ήδὲ
1016 1803 1177 1884 παλαιοιΊ.
1311 1848 1312 1859 ι

197 1921 306 1976 τοῖσιν
330 1905 362 1976 δ’
386 1906 553 1989 Ἀλκίνοος
576 1912 774 1977 δυοκαίδεκα
798 1906 873 1996 μῆλ’
901 1911 1062 1996 ἱέρευσεν,

197 2016 281 2082 ὀκτὼ
305 2011 336 2082 δ’
362 2018 579 2103 ἀργιόδοντας
601 2018 678 2102 ύας,
702 2019 764 2083 δύο
788 2013 819 2083 δ’
845 2019 1013 2093 εἰλίποδας
1034 2019 1129 2100 βοῦς·
1174 2030 1210 2080 σο

196 2126 275 2199 τοὺς
294 2121 393 2208 δέρον
417 2123 505 2208 ἀμφί
519 2118 556 2187 θ’
578 2122 659 2190 ’ἕπον
676 2124 851 2189 τετύκοντό
869 2146 904 2188 τε
924 2116 1010 2188 δαῖτ’
1027 2121 1208 2207 ἐρατεινήν.

241 2227 343 2314 κῆρυξ
366 2223 398 2294 δ’
424 2229 568 2312 ἐγγύθεν
590 2225 697 2312 ήλθεν
719 2230 812 2311 ἄγων
834 2228 969 2314 ἐρίηρον
991 2227 1123 2308 ἀοιδόν,

196 2335 255 2399 τὸν
277 2332 353 2419 πέρι
375 2345 483 2419 μοῦσα
506 2338 641 2419 φίλησε,
666 2336 764 2401 δίδου
786 2330 817 2400 δ’
839 2335 970 2417 ἀγαθόν
986 2357 1021 2398 τε
1039 2334 1142 2397 κακόν
1160 2353 1210 2398 τε·

197 2440 384 2525 ὀφθαλμῶν
407 2437 467 2525 μὲν
491 2442 626 2527 ἄμερσε,
651 2442 749 2506 δίδου
773 2436 804 2506 δ’
829 2441 946 2524 ήδεῖαν
969 2440 1095 2522 ἀοιδήν.

196 2555 241 2633 τῷ
266 2541 296 2610 δ’
323 2547 386 2630 ἀρα
410 2549 602 2623 Ποντόνοος
624 2553 709 2629 θῆκε
731 2549 861 2631 θρόνον
884 2545 1093 2631 ἀργυρόηλον
1173 2561 1209 2610 σε

197 2649 305 2740 μέσσω
330 2651 554 2736 δαιτυμόνων,
577 2654 659 2737 πρὸς
682 2654 778 2717 κίονα
801 2652 928 2737 μακρὸν
951 2650 1092 2736 ἐρείσας·

195 2751 270 2823 κὰδ’
296 2750 328 2822 δ’
353 2756 389 2822 ἐκ
411 2758 602 2840 πασσαλόφι
624 2755 788 2842 κρέμασεν
810 2759 979 2842 φόρμιγγα
1002 2760 1129 2839 λίγειαν

196 2862 300 2928 αὐτοῦ
322 2859 405 2947 ὑπὲρ
427 2866 573 2946 κεφαλῆς
600 2861 655 2927 καὶ
678 2860 843 2947 ἐπέφραδε
864 2860 978 2948 χερσὶν
1001 2860 1137 2927 ἑλέσθαι

195 2970 312 3054 κῆρυξ·
334 2969 400 3052 παρ
424 2961 456 3033 δ’
482 2966 586 3033 ἐτίθει
608 2969 730 3033 κάνεον
751 2970 857 3052 καλήν
879 2991 914 3034 τε
935 2969 1112 3053 τράπεζαν,

195 3076 261 3160 πὰρ
286 3071 322 3140 δέ
345 3073 445 3151 δέπας
468 3080 574 3139 οἴνοιο
597 3085 702 3157 πιεῖν,
725 3074 779 3139 ὅτε
801 3075 910 3159 θυμὸς
933 3074 1065 3158 ἀνώγοι
1174 3089 1209 3138 το
1307 3032 1308 3065 ³

196 3180 232 3245 οἴ
252 3174 283 3244 δ’
310 3174 359 3245 ἐπ’
386 3174 513 3245 ὀνείαθ’
540 3178 653 3264 ἑτοίμα
675 3183 874 3264 προκείμενα
896 3192 1007 3265 χεῖρας
1030 3183 1153 3245 ἴαλλον.

196 3285 300 3370 αὐτὰρ
324 3283 393 3351 ἐπεὶ
415 3287 530 3362 πόσιος
553 3283 608 3350 καλ
631 3285 769 3369 ἐδητύος
792 3285 825 3366 ἐξ
848 3289 926 3372 ἔρον
948 3286 1039 3369 ἕντο,

196 3386 293 3474 μοῦσ’
319 3385 372 3476 ἀρ’
398 3390 514 3456 ἀοιδὸν
537 3390 659 3473 ἀνῆκεν
682 3390 869 3475 ἀειδέμεναι
891 3390 970 3457 κλέα
992 3391 1140 3474 ἀνδρῶν,

197 3501 292 3579 οἴμης
314 3505 372 3579 τῆς
393 3490 461 3561 τότ’
487 3497 550 3581 ἀρα
572 3495 668 3573 κλέος
690 3496 837 3582 οὐρανὸν
859 3497 963 3582 εὐρὺν
985 3497 1113 3580 ἵκανεν,

1303 3658 1306 3881 ἴ
