<?xml version="1.0" encoding="UTF-8"?>
<!DOCTYPE html PUBLIC "-//W3C//DTD XHTML 1.0 Transitional//EN"
    "http://www.w3.org/TR/xhtml1/DTD/xhtml1-transitional.dtd">
<html xmlns="http://www.w3.org/1999/xhtml" xml:lang="en" lang="en">
 <head>
  <title>
</title>
<meta http-equiv="Content-Type" content="text/html;charset=utf-8" />
  <meta name='ocr-system' content='tesseract 3.04.00' />
  <meta name='ocr-capabilities' content='ocr_page ocr_carea ocr_par ocr_line ocrx_word'/>
</head>
<body>
  <div class='ocr_page' id='page_1' title='image "./homeriodyssea00dindgoog_0191.png"; bbox 0 0 2642 3917; ppageno 0'>
   <div class='ocr_carea' id='block_1_1' title="bbox 502 202 1141 297">
    <p class='ocr_par' dir='ltr' id='par_1_1' title="bbox 502 202 1141 297">
     <span class='ocr_line' id='line_1_1' title="bbox 502 202 1141 297; baseline 0.009 -35"><span class='ocrx_word' id='word_1_1' title='bbox 502 209 711 297; x_wconf 68' lang='lat' dir='ltr'><strong><em>omnm</em></strong></span> <span class='ocrx_word' id='word_1_2' title='bbox 729 211 762 262; x_wconf 68' lang='lat' dir='ltr'>x</span> <span class='ocrx_word' id='word_1_3' title='bbox 1076 202 1141 282; x_wconf 78' lang='lat'><strong><em>163</em></strong></span> 
     </span>
    </p>
   </div>
   <div class='ocr_carea' id='block_1_2' title="bbox 127 346 1142 1710">
    <p class='ocr_par' dir='ltr' id='par_1_2' title="bbox 127 346 1142 1081">
     <span class='ocr_line' id='line_1_2' title="bbox 127 346 1142 438; baseline -0.004 -22"><span class='ocrx_word' id='word_1_4' title='bbox 127 363 195 417; x_wconf 80' lang='grc' dir='ltr'><strong><em>τῶν</em></strong></span> <span class='ocrx_word' id='word_1_5' title='bbox 218 346 250 417; x_wconf 92' lang='grc' dir='ltr'><strong><em>δ’</em></strong></span> <span class='ocrx_word' id='word_1_6' title='bbox 276 351 313 418; x_wconf 91' lang='grc' dir='ltr'><strong><em>ἐκ</em></strong></span> <span class='ocrx_word' id='word_1_7' title='bbox 335 347 397 437; x_wconf 71' lang='grc' dir='ltr'><strong><em>μὲν</em></strong></span> <span class='ocrx_word' id='word_1_8' title='bbox 418 351 545 438; x_wconf 78' lang='grc' dir='ltr'><strong><em>μελέων</em></strong></span> <span class='ocrx_word' id='word_1_9' title='bbox 566 355 675 438; x_wconf 80' lang='grc' dir='ltr'><strong><em>τρίχες</em></strong></span> <span class='ocrx_word' id='word_1_10' title='bbox 697 354 829 437; x_wconf 80' lang='grc' dir='ltr'><strong><em>ἔρρεον,</em></strong></span> <span class='ocrx_word' id='word_1_11' title='bbox 853 349 892 426; x_wconf 78' lang='grc' dir='ltr'><strong><em>ἃς</em></strong></span> <span class='ocrx_word' id='word_1_12' title='bbox 913 347 994 435; x_wconf 79' lang='grc' dir='ltr'><strong><em>πρὶν</em></strong></span> <span class='ocrx_word' id='word_1_13' title='bbox 1017 350 1142 433; x_wconf 77' lang='grc' dir='ltr'><strong><em>ἔφυσεν</em></strong></span> 
     </span>
     <span class='ocr_line' id='line_1_3' title="bbox 129 457 1088 545; baseline -0.005 -21"><span class='ocrx_word' id='word_1_14' title='bbox 129 459 306 545; x_wconf 88' lang='grc' dir='ltr'><strong><em>φάρμακον</em></strong></span> <span class='ocrx_word' id='word_1_15' title='bbox 328 459 531 544; x_wconf 71' lang='grc' dir='ltr'><strong><em>οὐλόμενον,</em></strong></span> <span class='ocrx_word' id='word_1_16' title='bbox 554 460 593 524; x_wconf 92' lang='grc' dir='ltr'><strong><em>τό</em></strong></span> <span class='ocrx_word' id='word_1_17' title='bbox 616 473 699 542; x_wconf 93' lang='grc' dir='ltr'><strong><em>σφιν</em></strong></span> <span class='ocrx_word' id='word_1_18' title='bbox 721 459 803 543; x_wconf 84' lang='grc' dir='ltr'><strong><em>πόρε</em></strong></span> <span class='ocrx_word' id='word_1_19' title='bbox 825 458 944 523; x_wconf 91' lang='grc' dir='ltr'><strong><em>πότνια</em></strong></span> <span class='ocrx_word' id='word_1_20' title='bbox 966 457 1088 539; x_wconf 82' lang='grc' dir='ltr'><strong><em>Κίρκη·</em></strong></span> 
     </span>
     <span class='ocr_line' id='line_1_4' title="bbox 129 556 1142 651; baseline -0.005 -21"><span class='ocrx_word' id='word_1_21' title='bbox 129 566 248 651; x_wconf 75' lang='grc' dir='ltr'><strong><em>ἄνδρες</em></strong></span> <span class='ocrx_word' id='word_1_22' title='bbox 271 558 303 631; x_wconf 88' lang='grc' dir='ltr'><strong><em>δ’</em></strong></span> <span class='ocrx_word' id='word_1_23' title='bbox 329 563 376 642; x_wconf 81' lang='grc' dir='ltr'><strong><em>δή</em></strong></span> <span class='ocrx_word' id='word_1_24' title='bbox 399 563 553 648; x_wconf 91' lang='grc' dir='ltr'><strong><em>ἐγένοντο</em></strong></span> <span class='ocrx_word' id='word_1_25' title='bbox 580 565 748 650; x_wconf 84' lang='grc' dir='ltr'><strong><em>νεώτεροι,</em></strong></span> <span class='ocrx_word' id='word_1_26' title='bbox 770 561 792 647; x_wconf 83' lang='grc' dir='ltr'><strong><em>ή</em></strong></span> <span class='ocrx_word' id='word_1_27' title='bbox 814 562 920 648; x_wconf 92' lang='grc' dir='ltr'><strong><em>πάρος</em></strong></span> <span class='ocrx_word' id='word_1_28' title='bbox 941 556 1060 646; x_wconf 71' lang='grc' dir='ltr'><strong><em>ἦσαν,</em></strong></span> <span class='ocrx_word' id='word_1_29' title='bbox 1089 575 1142 625; x_wconf 71' lang='lat'><strong><em>395</em></strong></span> 
     </span>
     <span class='ocr_line' id='line_1_5' title="bbox 128 668 1042 756; baseline -0.003 -20"><span class='ocrx_word' id='word_1_30' title='bbox 128 669 184 736; x_wconf 87' lang='grc' dir='ltr'><strong><em>καὶ</em></strong></span> <span class='ocrx_word' id='word_1_31' title='bbox 205 673 292 737; x_wconf 76' lang='grc' dir='ltr'><strong><em>πολὺ</em></strong></span> <span class='ocrx_word' id='word_1_32' title='bbox 314 673 486 748; x_wconf 92' lang='grc' dir='ltr'><strong><em>καλλίονες</em></strong></span> <span class='ocrx_word' id='word_1_33' title='bbox 507 668 563 736; x_wconf 83' lang='grc' dir='ltr'><strong><em>καὶ</em></strong></span> <span class='ocrx_word' id='word_1_34' title='bbox 584 672 740 756; x_wconf 69' lang='grc' dir='ltr'><strong><em>μείζονες.</em></strong></span> <span class='ocrx_word' id='word_1_35' title='bbox 753 669 980 755; x_wconf 78' lang='grc' dir='ltr'><strong><em>εἰσοράασθαι.</em></strong></span> <span class='ocrx_word' id='word_1_36' title='bbox 1038 720 1042 725; x_wconf 27' lang='lat' dir='ltr'>x</span> 
     </span>
     <span class='ocr_line' id='line_1_6' title="bbox 129 770 1071 864; baseline -0.004 -23"><span class='ocrx_word' id='word_1_37' title='bbox 129 779 278 860; x_wconf 79' lang='grc' dir='ltr'><strong><em>ἔγνωσαν</em></strong></span> <span class='ocrx_word' id='word_1_38' title='bbox 301 774 341 842; x_wconf 86' lang='grc' dir='ltr'><strong><em>δέ</em></strong></span> <span class='ocrx_word' id='word_1_39' title='bbox 360 771 394 864; x_wconf 89' lang='grc' dir='ltr'><strong><em>μ’</em></strong></span> <span class='ocrx_word' id='word_1_40' title='bbox 420 774 540 842; x_wconf 85' lang='grc' dir='ltr'><strong><em>ἐκεῖνοι</em></strong></span> <span class='ocrx_word' id='word_1_41' title='bbox 567 778 654 861; x_wconf 89' lang='grc' dir='ltr'><strong><em>ἔφυν</em></strong></span> <span class='ocrx_word' id='word_1_42' title='bbox 676 770 706 841; x_wconf 92' lang='grc' dir='ltr'><strong><em>τ’</em></strong></span> <span class='ocrx_word' id='word_1_43' title='bbox 731 775 769 841; x_wconf 82' lang='grc' dir='ltr'><strong><em>ἐν</em></strong></span> <span class='ocrx_word' id='word_1_44' title='bbox 790 773 905 861; x_wconf 82' lang='grc' dir='ltr'><strong><em>χερσὶν</em></strong></span> <span class='ocrx_word' id='word_1_45' title='bbox 927 773 1071 849; x_wconf 66' lang='grc' dir='ltr'><strong><em>ἔκαστος.</em></strong></span> 
     </span>
     <span class='ocr_line' id='line_1_7' title="bbox 129 877 1103 968; baseline -0.004 -21"><span class='ocrx_word' id='word_1_46' title='bbox 129 892 230 948; x_wconf 82' lang='grc' dir='ltr'><strong><em>πᾶσιν</em></strong></span> <span class='ocrx_word' id='word_1_47' title='bbox 253 877 285 949; x_wconf 87' lang='grc' dir='ltr'><strong><em>δ’</em></strong></span> <span class='ocrx_word' id='word_1_48' title='bbox 311 883 453 968; x_wconf 87' lang='grc' dir='ltr'><strong><em>ίμερόεις</em></strong></span> <span class='ocrx_word' id='word_1_49' title='bbox 475 881 582 948; x_wconf 85' lang='grc' dir='ltr'><strong><em>ύπέδυ</em></strong></span> <span class='ocrx_word' id='word_1_50' title='bbox 604 884 699 966; x_wconf 88' lang='grc' dir='ltr'><strong><em>γόος,</em></strong></span> <span class='ocrx_word' id='word_1_51' title='bbox 723 879 809 967; x_wconf 80' lang='grc' dir='ltr'><strong><em>ἀμφὶ</em></strong></span> <span class='ocrx_word' id='word_1_52' title='bbox 831 878 869 948; x_wconf 72' lang='grc' dir='ltr'><strong><em>δὲ</em></strong></span> <span class='ocrx_word' id='word_1_53' title='bbox 890 881 986 965; x_wconf 84' lang='grc' dir='ltr'><strong><em>δῶμα</em></strong></span> <span class='ocrx_word' id='word_1_54' title='bbox 1052 914 1054 917; x_wconf 93' lang='grc'>-</span> <span class='ocrx_word' id='word_1_55' title='bbox 1076 907 1103 959; x_wconf 65' lang='lat' dir='ltr'><em>f</em></span> 
     </span>
     <span class='ocr_line' id='line_1_8' title="bbox 130 983 1085 1081; baseline -0.005 -28"><span class='ocrx_word' id='word_1_56' title='bbox 130 986 335 1073; x_wconf 77' lang='grc' dir='ltr'><strong><em>σμερδαλέον</em></strong></span> <span class='ocrx_word' id='word_1_57' title='bbox 356 989 520 1073; x_wconf 77' lang='grc' dir='ltr'><strong><em>κανάχιζε·</em></strong></span> <span class='ocrx_word' id='word_1_58' title='bbox 542 989 607 1054; x_wconf 79' lang='grc' dir='ltr'><strong><em>θεά</em></strong></span> <span class='ocrx_word' id='word_1_59' title='bbox 630 983 662 1054; x_wconf 91' lang='grc' dir='ltr'><strong><em>δ’</em></strong></span> <span class='ocrx_word' id='word_1_60' title='bbox 687 987 814 1073; x_wconf 77' lang='grc' dir='ltr'><strong><em>ἐλέαιρε</em></strong></span> <span class='ocrx_word' id='word_1_61' title='bbox 831 984 892 1081; x_wconf 79' lang='grc' dir='ltr'><strong><em>καὶ</em></strong></span> <span class='ocrx_word' id='word_1_62' title='bbox 914 984 1006 1070; x_wconf 88' lang='grc' dir='ltr'><strong><em>αύτή.</em></strong></span> <span class='ocrx_word' id='word_1_63' title='bbox 1082 1041 1085 1048; x_wconf 90' lang='grc'><strong><em>.</em></strong></span> 
     </span>
    </p>

    <p class='ocr_par' dir='ltr' id='par_1_3' title="bbox 129 1093 1142 1286">
     <span class='ocr_line' id='line_1_9' title="bbox 129 1093 1142 1180; baseline -0.001 -21"><span class='ocrx_word' id='word_1_64' title='bbox 129 1093 150 1176; x_wconf 82' lang='grc' dir='ltr'><strong><em>ή</em></strong></span> <span class='ocrx_word' id='word_1_65' title='bbox 174 1093 214 1160; x_wconf 94' lang='grc' dir='ltr'><strong><em>δέ</em></strong></span> <span class='ocrx_word' id='word_1_66' title='bbox 234 1119 296 1179; x_wconf 87' lang='grc' dir='ltr'><strong><em>μευ</em></strong></span> <span class='ocrx_word' id='word_1_67' title='bbox 320 1095 396 1179; x_wconf 86' lang='grc' dir='ltr'><strong><em>άγχι</em></strong></span> <span class='ocrx_word' id='word_1_68' title='bbox 419 1103 523 1159; x_wconf 86' lang='grc' dir='ltr'><strong><em>στᾶσα</em></strong></span> <span class='ocrx_word' id='word_1_69' title='bbox 536 1095 721 1180; x_wconf 91' lang='grc' dir='ltr'><strong><em>προσηύδα</em></strong></span> <span class='ocrx_word' id='word_1_70' title='bbox 743 1094 948 1179; x_wconf 77' lang='grc' dir='ltr'><strong><em>δῖα-θεάων·</em></strong></span> <span class='ocrx_word' id='word_1_71' title='bbox 976 1171 978 1176; x_wconf 91' lang='lat'><em>.</em></span> <span class='ocrx_word' id='word_1_72' title='bbox 1089 1106 1142 1159; x_wconf 80' lang='lat'><strong><em>400</em></strong></span> 
     </span>
     <span class='ocr_line' id='line_1_10' title="bbox 131 1195 938 1286; baseline 0.001 -21"><span class='ocrx_word' id='word_1_73' title='bbox 131 1196 291 1284; x_wconf 73' lang='grc' dir='ltr'><strong><em>,διογενές</em></strong></span> <span class='ocrx_word' id='word_1_74' title='bbox 312 1201 512 1286; x_wconf 79' lang='grc' dir='ltr'><strong><em>Λαερτιάδη,</em></strong></span> <span class='ocrx_word' id='word_1_75' title='bbox 536 1195 741 1286; x_wconf 82' lang='grc' dir='ltr'><strong><em>πολυμήχαν’</em></strong></span> <span class='ocrx_word' id='word_1_76' title='bbox 764 1196 938 1284; x_wconf 84' lang='grc' dir='ltr'><strong><em>Ὀδυσσεῦ,</em></strong></span> 
     </span>
    </p>

    <p class='ocr_par' dir='ltr' id='par_1_4' title="bbox 131 1296 1006 1391">
     <span class='ocr_line' id='line_1_11' title="bbox 131 1296 1006 1391; baseline 0.002 -21"><span class='ocrx_word' id='word_1_77' title='bbox 131 1309 224 1391; x_wconf 83' lang='grc' dir='ltr'><strong><em>ἔρχεο</em></strong></span> <span class='ocrx_word' id='word_1_78' title='bbox 247 1315 312 1371; x_wconf 76' lang='grc' dir='ltr'><strong><em>νῦν</em></strong></span> <span class='ocrx_word' id='word_1_79' title='bbox 334 1304 389 1371; x_wconf 86' lang='grc' dir='ltr'><strong><em>ἐπὶ</em></strong></span> <span class='ocrx_word' id='word_1_80' title='bbox 411 1314 475 1389; x_wconf 84' lang='grc' dir='ltr'><strong><em>νήα</em></strong></span> <span class='ocrx_word' id='word_1_81' title='bbox 497 1306 587 1389; x_wconf 85' lang='grc' dir='ltr'><strong><em>θοήν</em></strong></span> <span class='ocrx_word' id='word_1_82' title='bbox 609 1305 665 1372; x_wconf 79' lang='grc' dir='ltr'><strong><em>καὶ</em></strong></span> <span class='ocrx_word' id='word_1_83' title='bbox 686 1313 770 1372; x_wconf 90' lang='grc' dir='ltr'><strong><em>θῖνα</em></strong></span> <span class='ocrx_word' id='word_1_84' title='bbox 791 1296 972 1390; x_wconf 85' lang='grc' dir='ltr'><strong><em>θαλάσσης.</em></strong></span> <span class='ocrx_word' id='word_1_85' title='bbox 1003 1331 1006 1339; x_wconf 88' lang='grc'>’</span> 
     </span>
    </p>

    <p class='ocr_par' dir='ltr' id='par_1_5' title="bbox 130 1407 964 1505">
     <span class='ocr_line' id='line_1_12' title="bbox 130 1407 964 1505; baseline 0 -29"><span class='ocrx_word' id='word_1_86' title='bbox 130 1421 195 1495; x_wconf 83' lang='grc' dir='ltr'><strong><em>νήα</em></strong></span> <span class='ocrx_word' id='word_1_87' title='bbox 217 1407 278 1505; x_wconf 67' lang='grc' dir='ltr'><strong><em>μέν</em></strong></span> <span class='ocrx_word' id='word_1_88' title='bbox 300 1410 342 1498; x_wconf 86' lang='grc' dir='ltr'><strong><em>άρ</em></strong></span> <span class='ocrx_word' id='word_1_89' title='bbox 365 1412 568 1498; x_wconf 80' lang='grc' dir='ltr'><strong><em>πάμπρωτον</em></strong></span> <span class='ocrx_word' id='word_1_90' title='bbox 591 1411 750 1498; x_wconf 77' lang='grc' dir='ltr'><strong><em>ἐρύσσατε</em></strong></span> <span class='ocrx_word' id='word_1_91' title='bbox 773 1412 964 1497; x_wconf 88' lang='grc' dir='ltr'><strong><em>ήπειρόυδε,</em></strong></span> 
     </span>
    </p>

    <p class='ocr_par' dir='ltr' id='par_1_6' title="bbox 130 1511 1142 1710">
     <span class='ocr_line' id='line_1_13' title="bbox 130 1511 1070 1606; baseline -0.003 -22"><span class='ocrx_word' id='word_1_92' title='bbox 130 1520 276 1602; x_wconf 87' lang='grc' dir='ltr'><strong><em>κτήματα</em></strong></span> <span class='ocrx_word' id='word_1_93' title='bbox 300 1511 331 1583; x_wconf 93' lang='grc' dir='ltr'><strong><em>δ’</em></strong></span> <span class='ocrx_word' id='word_1_94' title='bbox 356 1517 393 1582; x_wconf 87' lang='grc' dir='ltr'><strong><em>έν</em></strong></span> <span class='ocrx_word' id='word_1_95' title='bbox 417 1520 557 1602; x_wconf 78' lang='grc' dir='ltr'><strong><em>σπήεσσι</em></strong></span> <span class='ocrx_word' id='word_1_96' title='bbox 579 1519 762 1584; x_wconf 88' lang='grc' dir='ltr'><strong><em>πελάσσατε</em></strong></span> <span class='ocrx_word' id='word_1_97' title='bbox 785 1518 870 1584; x_wconf 83' lang='grc' dir='ltr'><strong><em>ὅπλα</em></strong></span> <span class='ocrx_word' id='word_1_98' title='bbox 891 1541 927 1606; x_wconf 87' lang='grc' dir='ltr'><strong><em>τε</em></strong></span> <span class='ocrx_word' id='word_1_99' title='bbox 949 1518 1070 1583; x_wconf 88' lang='grc' dir='ltr'><strong><em>πάντα·</em></strong></span> 
     </span>
     <span class='ocr_line' id='line_1_14' title="bbox 131 1618 1142 1710; baseline -0.001 -21"><span class='ocrx_word' id='word_1_100' title='bbox 131 1624 231 1701; x_wconf 82' lang='grc' dir='ltr'><strong><em>αὐτὸς</em></strong></span> <span class='ocrx_word' id='word_1_101' title='bbox 253 1618 285 1689; x_wconf 91' lang='grc' dir='ltr'><strong><em>δ’</em></strong></span> <span class='ocrx_word' id='word_1_102' title='bbox 310 1622 357 1702; x_wconf 80' lang='grc' dir='ltr'><strong><em>δή</em></strong></span> <span class='ocrx_word' id='word_1_103' title='bbox 385 1622 470 1689; x_wconf 79' lang='grc' dir='ltr'><strong><em>ἰέναι</em></strong></span> <span class='ocrx_word' id='word_1_104' title='bbox 491 1622 547 1689; x_wconf 86' lang='grc' dir='ltr'><strong><em>καὶ</em></strong></span> <span class='ocrx_word' id='word_1_105' title='bbox 570 1625 665 1707; x_wconf 87' lang='grc' dir='ltr'><strong><em>άγειν</em></strong></span> <span class='ocrx_word' id='word_1_106' title='bbox 686 1622 819 1710; x_wconf 76' lang='grc' dir='ltr'><strong><em>ἐρίηρας</em></strong></span> <span class='ocrx_word' id='word_1_107' title='bbox 841 1622 1012 1709; x_wconf 53' lang='grc' dir='ltr'><strong><em>ἑταίρους(</em></strong></span> <span class='ocrx_word' id='word_1_108' title='bbox 1089 1639 1142 1689; x_wconf 79' lang='grc' dir='ltr'><strong><em>4οο</em></strong></span> 
     </span>
    </p>
   </div>
   <div class='ocr_carea' id='block_1_3' title="bbox 7 1723 1142 1920">
    <p class='ocr_par' dir='ltr' id='par_1_7' title="bbox 7 1723 1142 1920">
     <span class='ocr_line' id='line_1_15' title="bbox 7 1723 1142 1816; baseline 0 -21"><span class='ocrx_word' id='word_1_109' title='bbox 7 1799 11 1806; x_wconf 70' lang='grc'><strong><em>,</em></strong></span> <span class='ocrx_word' id='word_1_110' title='bbox 176 1723 221 1806; x_wconf 80' lang='grc' dir='ltr'><strong><em>ὧς</em></strong></span> <span class='ocrx_word' id='word_1_111' title='bbox 243 1723 351 1814; x_wconf 89' lang='grc' dir='ltr'><strong><em>ἔφατ’,</em></strong></span> <span class='ocrx_word' id='word_1_112' title='bbox 375 1729 479 1816; x_wconf 84' lang='grc' dir='ltr'><strong><em>αύτδρ</em></strong></span> <span class='ocrx_word' id='word_1_113' title='bbox 503 1729 579 1815; x_wconf 86' lang='grc' dir='ltr'><strong><em>ἐμοί</em></strong></span> <span class='ocrx_word' id='word_1_114' title='bbox 598 1724 630 1814; x_wconf 90' lang='grc' dir='ltr'><strong><em>γ’</em></strong></span> <span class='ocrx_word' id='word_1_115' title='bbox 655 1729 847 1795; x_wconf 78' lang='grc' dir='ltr'><strong><em>ἐπεπείθετο</em></strong></span> <span class='ocrx_word' id='word_1_116' title='bbox 870 1731 979 1814; x_wconf 83' lang='grc' dir='ltr'><strong><em>θυμὸς</em></strong></span> <span class='ocrx_word' id='word_1_117' title='bbox 997 1729 1142 1816; x_wconf 83' lang='grc' dir='ltr'><strong><em>ἀγήνωρ,</em></strong></span> 
     </span>
     <span class='ocr_line' id='line_1_16' title="bbox 131 1829 1020 1920; baseline 0 -19"><span class='ocrx_word' id='word_1_118' title='bbox 131 1838 196 1919; x_wconf 81' lang='grc' dir='ltr'><strong><em>βήν</em></strong></span> <span class='ocrx_word' id='word_1_119' title='bbox 218 1829 249 1901; x_wconf 94' lang='grc' dir='ltr'><strong><em>δ’</em></strong></span> <span class='ocrx_word' id='word_1_120' title='bbox 275 1833 360 1901; x_wconf 87' lang='grc' dir='ltr'><strong><em>ίέναι</em></strong></span> <span class='ocrx_word' id='word_1_121' title='bbox 382 1834 437 1900; x_wconf 80' lang='grc' dir='ltr'><strong><em>ἐπὶ</em></strong></span> <span class='ocrx_word' id='word_1_122' title='bbox 458 1843 524 1920; x_wconf 80' lang='grc' dir='ltr'><strong><em>νήα</em></strong></span> <span class='ocrx_word' id='word_1_123' title='bbox 544 1836 635 1919; x_wconf 88' lang='grc' dir='ltr'><strong><em>θοήν</em></strong></span> <span class='ocrx_word' id='word_1_124' title='bbox 656 1834 712 1902; x_wconf 84' lang='grc' dir='ltr'><strong><em>καλ</em></strong></span> <span class='ocrx_word' id='word_1_125' title='bbox 734 1842 818 1901; x_wconf 88' lang='grc' dir='ltr'><strong><em>θῖνα</em></strong></span> <span class='ocrx_word' id='word_1_126' title='bbox 839 1836 1020 1920; x_wconf 88' lang='grc' dir='ltr'><strong><em>θαλάσσης.</em></strong></span> 
     </span>
    </p>
   </div>
   <div class='ocr_carea' id='block_1_4' title="bbox 132 1937 1143 3684">
    <p class='ocr_par' dir='ltr' id='par_1_8' title="bbox 132 1937 1143 3404">
     <span class='ocr_line' id='line_1_17' title="bbox 132 1937 931 2029; baseline -0.003 -21"><span class='ocrx_word' id='word_1_127' title='bbox 132 1937 233 2028; x_wconf 87' lang='grc' dir='ltr'><strong><em>εὗρον</em></strong></span> <span class='ocrx_word' id='word_1_128' title='bbox 256 1937 354 2008; x_wconf 89' lang='grc' dir='ltr'><strong><em>ἔπειτ’</em></strong></span> <span class='ocrx_word' id='word_1_129' title='bbox 381 1940 434 2007; x_wconf 83' lang='grc' dir='ltr'><strong><em>ἐπὶ</em></strong></span> <span class='ocrx_word' id='word_1_130' title='bbox 456 1939 512 2024; x_wconf 81' lang='grc' dir='ltr'><strong><em>νηλ</em></strong></span> <span class='ocrx_word' id='word_1_131' title='bbox 533 1947 602 2028; x_wconf 81' lang='grc' dir='ltr'><strong><em>θοή</em></strong></span> <span class='ocrx_word' id='word_1_132' title='bbox 625 1940 759 2029; x_wconf 87' lang='grc' dir='ltr'><strong><em>ἐρίηρας</em></strong></span> <span class='ocrx_word' id='word_1_133' title='bbox 781 1941 931 2026; x_wconf 77' lang='grc' dir='ltr'><strong><em>ἑταίρους</em></strong></span> 
     </span>
     <span class='ocr_line' id='line_1_18' title="bbox 133 2041 1102 2134; baseline 0.003 -21"><span class='ocrx_word' id='word_1_134' title='bbox 133 2041 236 2133; x_wconf 72' lang='grc' dir='ltr'><strong><em>οἴκτρ’</em></strong></span> <span class='ocrx_word' id='word_1_135' title='bbox 262 2044 535 2133; x_wconf 80' lang='grc' dir='ltr'><strong><em>ὀλοφυρομένους</em></strong></span> <span class='ocrx_word' id='word_1_136' title='bbox 556 2049 704 2133; x_wconf 82' lang='grc' dir='ltr'><strong><em>θαλερόν</em></strong></span> <span class='ocrx_word' id='word_1_137' title='bbox 725 2048 808 2112; x_wconf 87' lang='grc' dir='ltr'><strong><em>κατά</em></strong></span> <span class='ocrx_word' id='word_1_138' title='bbox 831 2048 936 2134; x_wconf 86' lang='grc' dir='ltr'><strong><em>δάκρυ</em></strong></span> <span class='ocrx_word' id='word_1_139' title='bbox 958 2046 1102 2132; x_wconf 87' lang='grc' dir='ltr'><strong><em>χέοντας.</em></strong></span> 
     </span>
     <span class='ocr_line' id='line_1_19' title="bbox 134 2147 1143 2240; baseline 0.002 -22"><span class='ocrx_word' id='word_1_140' title='bbox 134 2154 178 2230; x_wconf 79' lang='grc' dir='ltr'><strong><em>ὡς</em></strong></span> <span class='ocrx_word' id='word_1_141' title='bbox 200 2147 232 2219; x_wconf 93' lang='grc' dir='ltr'><strong><em>δ’</em></strong></span> <span class='ocrx_word' id='word_1_142' title='bbox 257 2147 306 2218; x_wconf 80' lang='grc' dir='ltr'><strong><em>ὅτ’</em></strong></span> <span class='ocrx_word' id='word_1_143' title='bbox 331 2151 376 2217; x_wconf 82' lang='grc' dir='ltr'><strong><em>δν</em></strong></span> <span class='ocrx_word' id='word_1_144' title='bbox 397 2153 558 2238; x_wconf 86' lang='grc' dir='ltr'><strong><em>άγραυλοι</em></strong></span> <span class='ocrx_word' id='word_1_145' title='bbox 580 2155 694 2239; x_wconf 88' lang='grc' dir='ltr'><strong><em>πόριες</em></strong></span> <span class='ocrx_word' id='word_1_146' title='bbox 715 2152 791 2240; x_wconf 76' lang='grc' dir='ltr'><strong><em>περὶ</em></strong></span> <span class='ocrx_word' id='word_1_147' title='bbox 809 2156 890 2237; x_wconf 84' lang='grc' dir='ltr'><strong><em>βοῦς</em></strong></span> <span class='ocrx_word' id='word_1_148' title='bbox 908 2153 1071 2240; x_wconf 89' lang='grc' dir='ltr'><strong><em>άγελαίας,</em></strong></span> <span class='ocrx_word' id='word_1_149' title='bbox 1090 2172 1143 2221; x_wconf 80' lang='grc'><strong><em>410</em></strong></span> 
     </span>
     <span class='ocr_line' id='line_1_20' title="bbox 135 2257 1028 2345; baseline 0.002 -21"><span class='ocrx_word' id='word_1_150' title='bbox 135 2258 300 2336; x_wconf 82' lang='grc' dir='ltr'><strong><em>ἐλθούσας</em></strong></span> <span class='ocrx_word' id='word_1_151' title='bbox 322 2257 357 2335; x_wconf 89' lang='grc' dir='ltr'><strong><em>ἐς</em></strong></span> <span class='ocrx_word' id='word_1_152' title='bbox 378 2261 520 2343; x_wconf 89' lang='grc' dir='ltr'><strong><em>κόπρον,</em></strong></span> <span class='ocrx_word' id='word_1_153' title='bbox 543 2257 626 2341; x_wconf 86' lang='grc' dir='ltr'><strong><em>ἐπήν</em></strong></span> <span class='ocrx_word' id='word_1_154' title='bbox 648 2260 792 2343; x_wconf 82' lang='grc' dir='ltr'><strong><em>βοτάνης</em></strong></span> <span class='ocrx_word' id='word_1_155' title='bbox 812 2257 1028 2345; x_wconf 89' lang='grc' dir='ltr'><strong><em>κορέσωνται·</em></strong></span> 
     </span>
     <span class='ocr_line' id='line_1_21' title="bbox 133 2358 1015 2448; baseline 0.002 -19"><span class='ocrx_word' id='word_1_156' title='bbox 133 2374 235 2430; x_wconf 85' lang='grc' dir='ltr'><strong><em>πᾶσαι</em></strong></span> <span class='ocrx_word' id='word_1_157' title='bbox 258 2363 325 2447; x_wconf 86' lang='grc' dir='ltr'><strong><em>άμα</em></strong></span> <span class='ocrx_word' id='word_1_158' title='bbox 347 2366 542 2448; x_wconf 90' lang='grc' dir='ltr'><strong><em>σκαίρουσιν</em></strong></span> <span class='ocrx_word' id='word_1_159' title='bbox 565 2363 727 2447; x_wconf 89' lang='grc' dir='ltr'><strong><em>ἐναντίαι,</em></strong></span> <span class='ocrx_word' id='word_1_160' title='bbox 746 2358 824 2430; x_wconf 84' lang='grc' dir='ltr'><strong><em>οὐδ’</em></strong></span> <span class='ocrx_word' id='word_1_161' title='bbox 850 2366 897 2429; x_wconf 86' lang='grc' dir='ltr'><strong><em>ἔτι</em></strong></span> <span class='ocrx_word' id='word_1_162' title='bbox 919 2363 1015 2447; x_wconf 78' lang='grc' dir='ltr'><strong><em>σηκοὶ</em></strong></span> 
     </span>
     <span class='ocr_line' id='line_1_22' title="bbox 134 2464 978 2556; baseline 0 -20"><span class='ocrx_word' id='word_1_163' title='bbox 134 2464 275 2555; x_wconf 87' lang='grc' dir='ltr'><strong><em>ῖσχουσ’,</em></strong></span> <span class='ocrx_word' id='word_1_164' title='bbox 300 2465 372 2535; x_wconf 79' lang='grc' dir='ltr'><strong><em>ἀλλ’</em></strong></span> <span class='ocrx_word' id='word_1_165' title='bbox 397 2468 515 2534; x_wconf 90' lang='grc' dir='ltr'><strong><em>άδινὸν</em></strong></span> <span class='ocrx_word' id='word_1_166' title='bbox 537 2470 728 2554; x_wconf 83' lang='grc' dir='ltr'><strong><em>μυκώμεναι</em></strong></span> <span class='ocrx_word' id='word_1_167' title='bbox 751 2468 978 2556; x_wconf 85' lang='grc' dir='ltr'><strong><em>άμφιθέουσιν</em></strong></span> 
     </span>
     <span class='ocr_line' id='line_1_23' title="bbox 133 2569 1032 2663; baseline 0.002 -22"><span class='ocrx_word' id='word_1_168' title='bbox 133 2574 287 2662; x_wconf 84' lang='grc' dir='ltr'><strong><em>μητέρας·</em></strong></span> <span class='ocrx_word' id='word_1_169' title='bbox 310 2570 355 2652; x_wconf 81' lang='grc' dir='ltr'><strong><em>ὧς</em></strong></span> <span class='ocrx_word' id='word_1_170' title='bbox 377 2569 428 2660; x_wconf 82' lang='grc' dir='ltr'><strong><em>ἔμ’</em></strong></span> <span class='ocrx_word' id='word_1_171' title='bbox 453 2575 574 2641; x_wconf 87' lang='grc' dir='ltr'><strong><em>ἐκεῖνοι</em></strong></span> <span class='ocrx_word' id='word_1_172' title='bbox 597 2575 667 2641; x_wconf 75' lang='grc' dir='ltr'><strong><em>ἐπεὶ</em></strong></span> <span class='ocrx_word' id='word_1_173' title='bbox 691 2578 767 2642; x_wconf 87' lang='grc' dir='ltr'><strong><em>ῖδον</em></strong></span> <span class='ocrx_word' id='word_1_174' title='bbox 789 2577 1032 2663; x_wconf 87' lang='grc' dir='ltr'><strong><em>ὀφθαλμοῖσιν,</em></strong></span> 
     </span>
     <span class='ocr_line' id='line_1_24' title="bbox 134 2676 1143 2768; baseline 0.002 -20"><span class='ocrx_word' id='word_1_175' title='bbox 134 2684 350 2768; x_wconf 90' lang='grc' dir='ltr'><strong><em>δακρυόεντες</em></strong></span> <span class='ocrx_word' id='word_1_176' title='bbox 371 2683 503 2767; x_wconf 82' lang='grc' dir='ltr'><strong><em>ἔχυντο·</em></strong></span> <span class='ocrx_word' id='word_1_177' title='bbox 526 2681 646 2765; x_wconf 92' lang='grc' dir='ltr'><strong><em>δόκησε</em></strong></span> <span class='ocrx_word' id='word_1_178' title='bbox 670 2676 702 2747; x_wconf 88' lang='grc' dir='ltr'><strong><em>δ’</em></strong></span> <span class='ocrx_word' id='word_1_179' title='bbox 728 2683 792 2767; x_wconf 84' lang='grc' dir='ltr'><strong><em>άρα</em></strong></span> <span class='ocrx_word' id='word_1_180' title='bbox 815 2684 911 2766; x_wconf 92' lang='grc' dir='ltr'><strong><em>σφίσι</em></strong></span> <span class='ocrx_word' id='word_1_181' title='bbox 932 2684 1063 2767; x_wconf 83' lang='grc' dir='ltr'><strong><em>θυμὸς.</em></strong></span> <span class='ocrx_word' id='word_1_182' title='bbox 1090 2701 1143 2750; x_wconf 82' lang='lat'><strong><em>415</em></strong></span> 
     </span>
     <span class='ocr_line' id='line_1_25' title="bbox 133 2781 1045 2874; baseline -0.001 -18"><span class='ocrx_word' id='word_1_183' title='bbox 133 2784 178 2866; x_wconf 78' lang='grc' dir='ltr'><strong><em>ὧς</em></strong></span> <span class='ocrx_word' id='word_1_184' title='bbox 200 2791 292 2874; x_wconf 85' lang='grc' dir='ltr'><strong><em>ἔμεν,</em></strong></span> <span class='ocrx_word' id='word_1_185' title='bbox 316 2788 360 2865; x_wconf 84' lang='grc' dir='ltr'><strong><em>ὡς</em></strong></span> <span class='ocrx_word' id='word_1_186' title='bbox 383 2781 566 2873; x_wconf 86' lang='grc' dir='ltr'><strong><em>εί·πατρίδ’</em></strong></span> <span class='ocrx_word' id='word_1_187' title='bbox 593 2787 719 2853; x_wconf 85' lang='grc' dir='ltr'><strong><em>ίκοίατο</em></strong></span> <span class='ocrx_word' id='word_1_188' title='bbox 742 2786 798 2853; x_wconf 86' lang='grc' dir='ltr'><strong><em>καὶ</em></strong></span> <span class='ocrx_word' id='word_1_189' title='bbox 820 2790 918 2854; x_wconf 94' lang='grc' dir='ltr'><strong><em>πόλιν</em></strong></span> <span class='ocrx_word' id='word_1_190' title='bbox 940 2789 1045 2873; x_wconf 85' lang='grc' dir='ltr'><strong><em>αὐτήν</em></strong></span> 
     </span>
     <span class='ocr_line' id='line_1_26' title="bbox 132 2887 987 2981; baseline 0 -21"><span class='ocrx_word' id='word_1_191' title='bbox 132 2897 284 2981; x_wconf 90' lang='grc' dir='ltr'><strong><em>τρηχείης</em></strong></span> <span class='ocrx_word' id='word_1_192' title='bbox 303 2887 449 2977; x_wconf 83' lang='grc' dir='ltr'><strong><em>Ἰθάκης,</em></strong></span> <span class='ocrx_word' id='word_1_193' title='bbox 473 2895 529 2959; x_wconf 79' lang='grc' dir='ltr'><strong><em>ἵνα</em></strong></span> <span class='ocrx_word' id='word_1_194' title='bbox 550 2917 585 2959; x_wconf 93' lang='grc' dir='ltr'><strong><em>τε</em></strong></span> <span class='ocrx_word' id='word_1_195' title='bbox 608 2895 736 2980; x_wconf 87' lang='grc' dir='ltr'><strong><em>τράφεν</em></strong></span> <span class='ocrx_word' id='word_1_196' title='bbox 758 2890 819 2978; x_wconf 78' lang='grc' dir='ltr'><strong><em>ήδέ</em></strong></span> <span class='ocrx_word' id='word_1_197' title='bbox 840 2893 987 2977; x_wconf 91' lang='grc' dir='ltr'><strong><em>γένοντο.</em></strong></span> 
     </span>
     <span class='ocr_line' id='line_1_27' title="bbox 132 2994 1054 3087; baseline 0.001 -21"><span class='ocrx_word' id='word_1_198' title='bbox 132 3003 191 3066; x_wconf 91' lang='grc' dir='ltr'><strong><em>καί</em></strong></span> <span class='ocrx_word' id='word_1_199' title='bbox 210 2994 244 3084; x_wconf 92' lang='grc' dir='ltr'><strong><em>μ’</em></strong></span> <span class='ocrx_word' id='word_1_200' title='bbox 269 2999 514 3086; x_wconf 87' lang='grc' dir='ltr'><strong><em>ὀλοφυρόμενοι</em></strong></span> <span class='ocrx_word' id='word_1_201' title='bbox 537 3001 616 3065; x_wconf 86' lang='grc' dir='ltr'><strong><em>ἔπεα</em></strong></span> <span class='ocrx_word' id='word_1_202' title='bbox 637 2997 817 3087; x_wconf 81' lang='grc' dir='ltr'><strong><em>πτερόεντα</em></strong></span> <span class='ocrx_word' id='word_1_203' title='bbox 831 3002 1054 3087; x_wconf 87' lang='grc' dir='ltr'><strong><em>προσηύδων·</em></strong></span> 
     </span>
     <span class='ocr_line' id='line_1_28' title="bbox 133 3101 998 3192; baseline -0.001 -20"><span class='ocrx_word' id='word_1_204' title='bbox 133 3104 200 3190; x_wconf 79' lang='grc' dir='ltr'><strong><em>,σοὶ</em></strong></span> <span class='ocrx_word' id='word_1_205' title='bbox 222 3101 283 3190; x_wconf 83' lang='grc' dir='ltr'><strong><em>μέν</em></strong></span> <span class='ocrx_word' id='word_1_206' title='bbox 304 3108 519 3190; x_wconf 91' lang='grc' dir='ltr'><strong><em>νοστήσαντι,</em></strong></span> <span class='ocrx_word' id='word_1_207' title='bbox 543 3104 731 3191; x_wconf 89' lang='grc' dir='ltr'><strong><em>διοτρεφές,</em></strong></span> <span class='ocrx_word' id='word_1_208' title='bbox 755 3102 799 3182; x_wconf 83' lang='grc' dir='ltr'><strong><em>ὧς</em></strong></span> <span class='ocrx_word' id='word_1_209' title='bbox 821 3105 998 3192; x_wconf 86' lang='grc' dir='ltr'><strong><em>ἐχάρημεν,</em></strong></span> 
     </span>
     <span class='ocr_line' id='line_1_29' title="bbox 133 3205 1143 3296; baseline -0.002 -18"><span class='ocrx_word' id='word_1_210' title='bbox 133 3214 178 3289; x_wconf 80' lang='grc' dir='ltr'><strong><em>ὡς</em></strong></span> <span class='ocrx_word' id='word_1_211' title='bbox 200 3217 234 3277; x_wconf 85' lang='grc' dir='ltr'><strong><em>εῖ</em></strong></span> <span class='ocrx_word' id='word_1_212' title='bbox 251 3205 281 3276; x_wconf 88' lang='grc' dir='ltr'><strong><em>τ’</em></strong></span> <span class='ocrx_word' id='word_1_213' title='bbox 306 3211 353 3286; x_wconf 84' lang='grc' dir='ltr'><strong><em>είς</em></strong></span> <span class='ocrx_word' id='word_1_214' title='bbox 373 3205 506 3294; x_wconf 86' lang='grc' dir='ltr'><strong><em>Ἰθάκην</em></strong></span> <span class='ocrx_word' id='word_1_215' title='bbox 529 3210 734 3295; x_wconf 77' lang='grc' dir='ltr'><strong><em>ἀφικοίμεθα</em></strong></span> <span class='ocrx_word' id='word_1_216' title='bbox 759 3211 902 3296; x_wconf 89' lang='grc' dir='ltr'><strong><em>πατρίδα</em></strong></span> <span class='ocrx_word' id='word_1_217' title='bbox 925 3222 1037 3295; x_wconf 89' lang='grc' dir='ltr'><strong><em>γαῖαν·</em></strong></span> <span class='ocrx_word' id='word_1_218' title='bbox 1089 3227 1143 3277; x_wconf 75' lang='lat'><strong><em>420</em></strong></span> 
     </span>
     <span class='ocr_line' id='line_1_30' title="bbox 133 3312 1064 3404; baseline 0.002 -22"><span class='ocrx_word' id='word_1_219' title='bbox 133 3312 205 3382; x_wconf 83' lang='grc' dir='ltr'><strong><em>ἀλλ’</em></strong></span> <span class='ocrx_word' id='word_1_220' title='bbox 230 3317 304 3400; x_wconf 89' lang='grc' dir='ltr'><strong><em>άγε,</em></strong></span> <span class='ocrx_word' id='word_1_221' title='bbox 327 3328 394 3382; x_wconf 83' lang='grc' dir='ltr'><strong><em>τῶν</em></strong></span> <span class='ocrx_word' id='word_1_222' title='bbox 417 3319 526 3382; x_wconf 85' lang='grc' dir='ltr'><strong><em>άλλων</em></strong></span> <span class='ocrx_word' id='word_1_223' title='bbox 550 3316 676 3403; x_wconf 82' lang='grc' dir='ltr'><strong><em>ἑτάρων</em></strong></span> <span class='ocrx_word' id='word_1_224' title='bbox 697 3316 876 3397; x_wconf 85' lang='grc' dir='ltr'><strong><em>κατάλεξον</em></strong></span> <span class='ocrx_word' id='word_1_225' title='bbox 899 3318 1064 3404; x_wconf 64' lang='grc' dir='ltr'><strong><em>όλεθρονέ</em></strong></span> 
     </span>
    </p>

    <p class='ocr_par' dir='ltr' id='par_1_9' title="bbox 132 3418 1129 3616">
     <span class='ocr_line' id='line_1_31' title="bbox 179 3418 1129 3508; baseline 0.001 -19"><span class='ocrx_word' id='word_1_226' title='bbox 179 3418 223 3500; x_wconf 81' lang='grc' dir='ltr'><strong><em>ὧς</em></strong></span> <span class='ocrx_word' id='word_1_227' title='bbox 247 3424 348 3506; x_wconf 87' lang='grc' dir='ltr'><strong><em>ἔφαν,</em></strong></span> <span class='ocrx_word' id='word_1_228' title='bbox 372 3421 476 3507; x_wconf 77' lang='grc' dir='ltr'><strong><em>αὐτὰρ</em></strong></span> <span class='ocrx_word' id='word_1_229' title='bbox 500 3421 564 3504; x_wconf 86' lang='grc' dir='ltr'><strong><em>ἐγὼ</em></strong></span> <span class='ocrx_word' id='word_1_230' title='bbox 588 3419 763 3508; x_wconf 90' lang='grc' dir='ltr'><strong><em>προσέφην</em></strong></span> <span class='ocrx_word' id='word_1_231' title='bbox 785 3426 944 3506; x_wconf 74' lang='grc' dir='ltr'><strong><em>μαλακοῖς</em></strong></span> <span class='ocrx_word' id='word_1_232' title='bbox 966 3421 1129 3490; x_wconf 88' lang='grc' dir='ltr'><strong><em>ἐπέεσσιν·</em></strong></span> 
     </span>
     <span class='ocr_line' id='line_1_32' title="bbox 132 3523 1005 3616; baseline -0.003 -21"><span class='ocrx_word' id='word_1_233' title='bbox 132 3537 209 3614; x_wconf 85' lang='grc' dir='ltr'><strong><em>,νήα</em></strong></span> <span class='ocrx_word' id='word_1_234' title='bbox 231 3523 293 3614; x_wconf 72' lang='grc' dir='ltr'><strong><em>μέν</em></strong></span> <span class='ocrx_word' id='word_1_235' title='bbox 315 3527 357 3616; x_wconf 80' lang='grc' dir='ltr'><strong><em>ἂρ</em></strong></span> <span class='ocrx_word' id='word_1_236' title='bbox 380 3528 582 3614; x_wconf 89' lang='grc' dir='ltr'><strong><em>πάμπρωτον</em></strong></span> <span class='ocrx_word' id='word_1_237' title='bbox 606 3527 791 3616; x_wconf 82' lang='grc' dir='ltr'><strong><em>ἐρύσσομεν</em></strong></span> <span class='ocrx_word' id='word_1_238' title='bbox 810 3527 1005 3614; x_wconf 87' lang='grc' dir='ltr'><strong><em>ήπειρόνδε,</em></strong></span> 
     </span>
    </p>

    <p class='ocr_par' dir='ltr' id='par_1_10' title="bbox 877 3627 931 3684">
     <span class='ocr_line' id='line_1_33' title="bbox 877 3627 931 3684; baseline -0.037 0"><span class='ocrx_word' id='word_1_239' title='bbox 877 3627 931 3684; x_wconf 67' lang='lat'><strong><em>11⁸</em></strong></span> 
     </span>
    </p>
   </div>
   <div class='ocr_carea' id='block_1_5' title="bbox 0 0 1332 3917">
    <p class='ocr_par' dir='ltr' id='par_1_11' title="bbox 0 0 1332 3917">
     <span class='ocr_line' id='line_1_34' title="bbox 0 0 1332 3917; baseline 0 0"><span class='ocrx_word' id='word_1_240' title='bbox 0 0 1332 3917; x_wconf 95' lang='lat' dir='ltr'><strong><em> </em></strong></span> 
     </span>
    </p>
   </div>
  </div>
 </body>
</html>
