2642 3917
174 202 235 257 XIV
574 204 774 259 SUMMARIA.

78 434 83 449 Ι
172 370 283 429 LXXII
307 371 395 431 sociis
414 372 531 430 amissis
550 373 676 449 fugatus
695 364 1063 454 abscesserit(39—61);
1085 375 1180 448 utque

174 459 242 518 inde
265 460 344 519 circa
366 460 496 519 Maleam
518 462 762 537 promunturium
784 460 881 520 Borea
904 481 922 519 a
944 479 1035 521 cursu
1061 478 1115 519 suo
1143 460 1181 518 ad

173 547 366 627 Lotophagos
390 548 430 607 sit
452 548 585 607 deiectus
605 540 798 630 (ca—104),
816 552 883 608 tum
900 549 932 608 in
948 553 1060 609 terram
1077 548 1180 607 imma·
1304 551 1310 572 ''

173 635 258 694 nium
277 634 442 713 Cyclopum
465 628 685 719 (105-192);
707 637 760 695 ubi
783 657 852 696 cum
874 638 1029 697 duodecim
1050 636 1123 697 viris
1144 637 1181 695 ad

174 724 404 803 Polyphemum,
432 725 568 801 Neptuni
597 724 706 803 filium,
734 726 936 802 penetraverit
963 717 1181 806 (193-186);

174 812 228 889 qui
254 812 386 872 cruentis
413 813 541 889 dapibus
568 814 720 892 expletus,
743 833 819 890 quas
846 815 934 874 caede
958 832 1008 873 sex
1035 814 1205 873 sociorum'
1305 838 1311 856 ¹

174 901 239 959 eius
268 900 451 961 instruxerat
484 892 703 984 (aec—344),
735 902 805 962 vino
837 903 941 981 etiam,
974 903 1054 979 quod
1080 902 1182 961 Ulixes

173 990 339 1068 ingesserat
370 990 568 1068 temulentus,
592 1010 660 1050 oum
684 991 715 1049 in
734 1009 871 1050 somnum
889 991 1111 1068 procubuisset,
1134 1011 1181 1049 ex-

173 1080 312 1137 caecatus
336 1038 541 1159 (ses—412)
565 1081 595 1137 et
618 1082 704 1155 parte
727 1080 827 1157 gregis
850 1080 998 1156 spoliatus
1016 1080 1182 1157 fugientem

174 1166 253 1225 saxis
276 1166 397 1226 incessit
420 1161 633 1247 (413-566t

658 1321 696 1386 X.

241 1432 343 1491 Refert
370 1431 521 1510 deinceps,
550 1432 588 1491 ad
614 1432 745 1491 insulam
767 1433 867 1510 Aeoli,
894 1435 1109 1509 tempestatum
1137 1452 1182 1491 ar-

175 1520 259 1597 bitri,
286 1523 459 1596 pervectum
490 1538 521 1580 se
553 1522 701 1597 accepisse
729 1521 766 1579 ab
794 1542 828 1580 eo
854 1524 959 1580 ventos
986 1525 1107 1597 praeter
1131 1522 1182 1580 Ze-

175 1610 317 1687 phymm,
335 1608 472 1668 Ithacam
489 1609 605 1685 petenti
632 1609 808 1686 secundum,
831 1611 899 1668 utre
927 1610 1081 1670 conclusos
1104 1601 1182 1689 (1—

178 1688 248 1779 27);
278 1696 372 1756 socios
400 1700 516 1775 autem,
545 1716 613 1756 oum
640 1696 740 1772 patria
767 1697 828 1755 iam
855 1696 887 1755 in
914 1701 1075 1773 conspectu
1098 1702 1183 1775 esset,

176 1786 254 1845 male
272 1784 396 1861 cupidos
420 1785 542 1845 solvisse
565 1788 677 1864 utrem,
696 1785 774 1844 unde
793 1786 932 1844 emissam
949 1786 1111 1861 procellam
1133 1803 1183 1844 eos

178 1874 215 1933 ad
228 1873 366 1932 Aeoliam
379 1873 523 1951 reiecisse,
542 1893 647 1933 verum
665 1873 803 1949 expulsos
822 1873 859 1931 ab
878 1892 947 1952 rege
966 1876 998 1932 et
1014 1873 1047 1932 in
1064 1876 1184 1934 vastum

177 1982 258 2021 mare
296 1961 487 2021 occidentalis
523 1962 631 2039 plagae
668 1961 807 2038 abreptos
845 1953 1014 2041 (as-79).
1065 1962 1115 2021 Ita
1146 1963 1184 2021 ad

177 2052 398 2129 Laestrygonas
417 2050 679 2127 anthropophagos
702 2049 885 2129 defenmtur,
908 2050 962 2108 ubi
984 2069 1075 2110 naves
1092 2051 1136 2109 XI
1153 2055 1185 2110 et

178 2139 268 2199 multi
286 2139 434 2198 sociorum
455 2138 638 2198 intercidunt
662 2130 860 2219 (ec-132);
883 2158 952 2199 mox
973 2158 1036 2198 una
1057 2139 1128 2200 navi
1147 2140 1185 2198 ad

177 2230 307 2288 Aeaeam
330 2227 495 2305 appellunt,
518 2227 648 2285 insulam
673 2226 779 2305 Circae,
806 2246 907 2303 aqua
929 2227 1015 2286 XXII
1036 2228 1094 2287 viri
1117 2247 1185 2288 cum

178 2315 347 2393 Eurylocho
379 2316 534 2391 praemissi
561 2316 593 2374 in
624 2334 713 2373 suum
740 2334 793 2375 ora
822 2319 1038 2375 convertuntur
1061 2309 1181 2397 (133-

180 2397 267 2487 260).
303 2403 405 2463 Ulixes
423 2407 489 2463 tum
507 2403 579 2481 ipse,
602 2404 695 2462 herba
712 2403 830 2481 magica
848 2423 867 2462 a
883 2404 1030 2465 Mercurio
1054 2409 1184 2483 accepta,

179 2496 217 2553 ad
239 2493 326 2552 deam
348 2492 499 2570 ingressus
521 2491 690 2569 potentiam
712 2492 777 2551 eius
799 2492 906 2570 effugit
923 2495 1015 2569 atque
1034 2494 1107 2552 adeo
1125 2494 1184 2553 vir-

178 2586 244 2642 tute
268 2580 372 2659 efficit,
397 2584 433 2639 ut
461 2581 533 2641 socii
560 2581 720 2658 pristinam
743 2580 870 2657 speciem
892 2581 1039 2658 recipiant
1061 2575 1182 2661 (261-

180 2662 267 2751 399).
305 2670 440 2745 Denique
460 2688 537 2728 anno
557 2672 659 2728 exacto
679 2669 760 2744 apud
779 2667 883 2728 Circen
902 2688 970 2728 cum
994 2670 1081 2729 sociis
1103 2670 1184 2728 Itha-
1289 2742 1293 2749 Ι

179 2779 231 2819 cae
254 2776 367 2818 memor
389 2758 512 2817 iubetur
533 2756 570 2815 ab
594 2757 648 2815 illa
667 2756 841 2817 consulendi
860 2756 990 2816 Tiresiae
1009 2776 1101 2816 causa
1118 2778 1185 2834 pro·

179 2848 271 2908 ficisci
294 2848 332 2906 ad
354 2847 456 2905 fauces
478 2846 643 2904 inferorum
665 2864 757 2921 prope
781 2844 941 2922 Oceanum,
965 2865 1024 2921 quo
1048 2846 1113 2905 loco
1136 2846 1185 2906 de·

178 2939 352 2996 functorum
362 2935 478 2993 animae
494 2934 663 2993 excitantur
677 2926 891 3012 (acc—549).
914 2933 992 2993 Illuc
1005 2934 1184 3013 navigaturo

179 3044 265 3085 casus
288 3044 383 3083 unum
406 3024 497 3082 etiam
520 3022 634 3082 socium
653 3022 755 3098 eripit,
773 3021 953 3097 Elpenorem
971 3015 1184 3102 (soc-574).

654 3175 708 3239 XI.

244 3288 377 3349 AOirce
401 3288 551 3367 digressus
574 3287 657 3348 venit
683 3287 715 3345 in
742 3306 826 3346 oram
854 3284 1092 3365 Cimmeriorum,
1118 3307 1187 3346 eum

179 3381 217 3438 ad
244 3380 356 3456 locum,
381 3376 433 3453 qui
461 3376 618 3436 descensus
647 3376 685 3433 ad
712 3393 813 3434 manes
840 3374 1015 3451 perhibetur
1037 3366 1184 3456 (1-22).

179 3469 224 3526 Ibi
252 3466 343 3526 saeris
366 3466 423 3524 rite
450 3465 589 3542 perfectis
617 3464 750 3523 scrobem
774 3464 904 3539 complet
934 3463 1079 3541 sanguine
1101 3464 1186 3524 victi-

179 3576 308 3633 marum,
333 3557 365 3614 11
388 3553 672 3614 circumvolantibus
691 3552 847 3612 animabus
870 3552 986 3610 nullam
1005 3552 1077 3610 sinit
1095 3553 1186 3611 attin-
