2642 3917
499 237 708 288 omnm
725 237 784 287 vn
1100 231 1160 293 111

156 373 227 443 ἀλλ’
254 378 317 462 ἐγὼ
341 379 403 445 οὐκ
426 382 545 445 ἔθελον
569 381 680 455 δείσας
703 378 939 462 αἰσχυνόμενός
960 399 1013 458 τε,
1111 390 1163 439 806

156 486 200 568 μή
222 507 291 562 πως
312 483 368 550 καί
390 483 445 550 σοί
467 487 577 570 θυμὸς
600 483 831 549 ἐπισκύσσαιτο
856 483 976 548 ἰδόντι·

156 589 312 674 δύσζηλοι
332 591 396 677 γάρ
419 584 448 655 τ’
475 587 565 675 είμὲν
588 587 640 656 ἐπὶ
663 587 763 674 χθονὶ
786 583 867 674 φῦλ’
893 586 1114 672 ἀνθρώπων.“

199 696 258 762 τὸν
281 691 312 761 δ’
338 691 410 761 αὖτ’
433 693 601 772 Ἀλκίνοος
623 694 820 778 ἀπαμείβετο
844 691 1000 777 φώνησέν
1022 710 1071 755 τε·

156 795 273 884 ,,ξεῐν’,
297 801 338 866 ού
360 824 418 886 μοι
440 811 594 866 τοιοῦτον
617 797 667 866 ἐνὶ
691 801 851 883 στήθεσσι
874 801 975 882 φίλον
997 805 1060 881 κήρ

156 907 319 990 μαψιδίως
340 911 563 991 κεχολῶσθαι·
587 904 709 990 ἀμείνω
733 899 765 969 δ’
793 910 907 989 αίσιμα
929 904 1044 968 πάντα.
1112 917 1165 966 810

156 1013 193 1076 αἲ
213 1013 292 1097 γάρ,
317 1016 382 1078 Ζεῦ
404 1035 439 1077 τε
462 1012 563 1097 πάτερ
585 1009 641 1076 καί
662 1005 821 1094 Ἀθηναίη
843 1007 898 1073 καὶ
913 1007 1093 1090 Ἄπολλον,

155 1128 246 1194 τοίος
268 1117 348 1209 ἐόν,
372 1109 442 1195 οἷός
465 1116 553 1200 ἐσσι,
574 1117 615 1182 τά
637 1139 671 1180 τε
696 1113 865 1201 φρονέων,
888 1115 910 1178 ά
931 1108 960 1178 τ’
986 1113 1050 1196 ἐγώ
1073 1135 1150 1197 περ,

155 1223 258 1288 παῖδά
278 1207 310 1288 τ’
336 1223 418 1307 ἐμήν
441 1222 554 1307 ἐχέμεν
576 1220 631 1288 καλ
655 1221 731 1306 ἐμὸς
752 1222 900 1304 γαμβρὸς
921 1219 1099 1285 καλέεσθαι

157 1323 239 1396 αὖθι
261 1327 383 1412 μένων·
406 1324 501 1394 οἶκον
525 1326 563 1392 δέ
582 1321 612 1391 τ’
639 1327 704 1410 ἐγὼ
726 1325 782 1391 καί
803 1328 949 1409 κτήματα
973 1325 1084 1408 δοίην,

156 1440 190 1498 εί
204 1427 234 1498 κ’
255 1432 382 1499 ἐθέλων
399 1457 436 1516 με
455 1432 579 1517 μένοις·
599 1430 738 1497 ἀέκοντα
756 1429 796 1496 δέ
812 1425 843 1495 σ’
864 1431 973 1506 οὔτις
991 1429 1098 1515 ἐρύξει
1112 1445 1166 1493 313

160 1541 328 1622 Φαιήκων·
351 1539 395 1623 μή
417 1547 516 1604 τοῦτο
540 1542 642 1623 φίλον
664 1535 724 1602 Διὶ
746 1535 844 1622 πατρὶ
866 1535 1005 1619 γένοιτο.

155 1645 290 1728 πομπήν
312 1639 343 1708 δ’
369 1644 402 1721 ἐς
424 1638 495 1708 τόδ’
521 1644 584 1728 ἐγὼ
607 1646 837 1728 τεκμαίρομαι,
862 1636 939 1727 ὄφρ’
967 1640 1004 1706 ἐὺ
1027 1643 1133 1725 εἰδῇς,

157 1749 276 1834 αύριον
298 1751 345 1827 ἐς·
367 1759 469 1833 τῆμος
493 1746 529 1816 δὲ
553 1753 595 1815 σύ
617 1746 679 1833 μέν
702 1747 905 1832 δεδμημένος
926 1747 1020 1835 ύπνφ

157 1855 277 1938 λέξεαι,
301 1857 336 1921 οί
357 1851 387 1921 δ’
413 1856 531 1922 ἐλόωσι
553 1858 717 1939 γαλήνην,
741 1852 818 1940 ὄφρ’
846 1852 887 1919 ἀν
909 1855 1000 1937 ’ίκηαι

157 1963 299 2046 πατρίδα
322 1962 386 2044 σήν
402 1959 457 2026 καὶ
473 1962 577 2045 δῶμα,
595 1959 650 2025 καὶ
669 1967 703 2025 εί
716 1960 782 2024 πού
800 1983 852 2025 τοι
870 1962 971 2043 φίλον
989 1958 1090 2040 ἐστίν,
1114 1973 1168 2022 330

158 2074 191 2132 εί
209 2088 270 2152 περ
293 2065 348 2132 καὶ
371 2068 458 2150 μάλα
481 2067 605 2131 πολλὸν
629 2064 790 2150 ἑκαστέρω
814 2060 879 2128 ἔστ’
903 2059 1067 2149 Ἐυβοίης,

157 2175 219 2256 τήν
242 2193 303 2256 περ
326 2173 492 2255 τηλοτάτω
515 2167 596 2258 φάσ’
623 2175 774 2255 ἔμμεναι,
798 2171 834 2236 οἵ
853 2195 911 2254 μιν
934 2171 1046 2235 ίδοντο

159 2283 248 2343 λαῶν
270 2277 453 2364 ἡμετέρων,
478 2278 532 2344 ὅτε
553 2301 588 2343 τε
613 2277 739 2356 ξανθὸν
757 2274 989 2361 Ῥαδάμανθυν

158 2381 241 2467 ήγον
264 2383 472 2468 ἐποψόμενον
499 2385 620 2448 Τιτυὸν
648 2385 787 2467 Γαιήιον
808 2383 893 2448 υίόν.

158 2487 213 2554 καὶ
231 2485 292 2574 μέν
311 2491 346 2554 οί
361 2485 435 2554 ἕνθ’
455 2484 564 2573 ἦλθον
582 2487 636 2553 καὶ
656 2489 732 2573 άτερ
750 2489 907 2572 καμάτοιο
926 2486 1084 2553 τέλεσσαν
1113 2505 1169 2552 323

158 2596 257 2679 ήματι
279 2603 323 2684 τῷ
347 2595 435 2683 αύτῷ
459 2593 513 2660 καὶ
536 2594 710 2678 ἀπήνυσαν
733 2590 839 2659 οἴκαδ’
866 2593 1000 2659 ὀπίσσω.

159 2704 301 2786 εἰδήσεις
324 2697 361 2766 δέ
383 2699 439 2765 καὶ
462 2699 561 2777 αὐτὸς
584 2698 634 2764 ἐνί
657 2702 791 2785 φρεσίν,
815 2699 918 2765 ὅσσον
940 2700 1070 2784 ἄρισται

158 2816 235 2892 νῆες
258 2804 331 2892 ἐμαὶ
354 2805 409 2872 καὶ
432 2814 549 2892 κοῦροι
572 2805 784 2891 ἀναρρίπτειν
807 2805 869 2870 ἀλα
891 2806 1019 2892 πηδῷέ·

203 2909 248 2991 ὧς
269 2913 370 2998 φάτο,
394 2914 543 2996 γήθησεν
567 2908 603 2977 δὲ
626 2913 791 2988 πολύτλας
813 2912 885 2988 διὀς
905 2905 1095 2993 Ὀδυσσεύς,

158 3020 335 3104 εὐχόμενος
349 3013 379 3083 δ’
396 3019 460 3102 ἀρα
473 3013 575 3100 εἶπεν,
590 3020 667 3094 ἔπος
680 3014 709 3081 τ’
726 3012 819 3102 ἔφατ’
836 3019 872 3082 ἐκ
880 3011 910 3081 τ’
927 3017 1099 3101 ὀνόμαζεν·
1113 3034 1168 3082 330

158 3130 248 3208 ,,Ζεῦ
270 3125 386 3209 πάτερ,
410 3117 494 3205 αίθ’,
517 3123 579 3188 ὅσα
601 3117 686 3206 εἶπε,
708 3124 940 3215 τελευτήσειεν
955 3123 1082 3188 ἅπαντα

161 3225 340 3307 Ἀλκίνοος·
363 3238 423 3294 τοῦ
446 3227 508 3313 μέν
530 3252 587 3293 κεν
610 3227 670 3293 ἐπί
688 3230 844 3313 ζείδωρον
867 3229 1015 3314 άρουραν

158 3338 319 3420 ἄσβεστον
341 3333 435 3411 κλέος
457 3339 524 3418 είη,
548 3332 610 3416 ἐγὼ
635 3331 675 3399 δέ
695 3356 731 3399 κε
753 3329 886 3418 πατρίδ’
912 3334 1075 3416 ίκοίμην.“

202 3436 247 3519 ὧς
269 3437 384 3524 οίμέν
406 3449 541 3505 τοιαῦτα
563 3440 645 3524 πρὸς
669 3438 831 3522 ἀλλήλους
854 3438 1032 3523 ἀγόρευον·

157 3544 288 3612 κέκλετο
312 3541 344 3610 δ’
367 3540 483 3632 ’Λρήτη
507 3545 709 3621 λευκώλενος
732 3543 969 3628 ἀμφιπόλοισιν
1111 3558 1166 3607 333
